%% This BibTeX bibliography file was created using BibDesk.
%% http://bibdesk.sourceforge.net/

%% Created for Peng Ding at 2018-08-27 16:12:34 -0700 


%% Saved with string encoding Unicode (UTF-8) 



@article{bertrand2004emily,
	Author = {Bertrand, Marianne and Mullainathan, Sendhil},
	Date-Added = {2018-08-27 16:12:24 -0700},
	Date-Modified = {2018-08-27 16:12:30 -0700},
	Journal = {American Economic Review},
	Number = {4},
	Pages = {991--1013},
	Title = {Are Emily and Greg more employable than Lakisha and Jamal? A field experiment on labor market discrimination},
	Volume = {94},
	Year = {2004}}

@article{hainmueller2012entropy,
	Author = {Hainmueller, Jens},
	Date-Added = {2018-08-27 15:27:41 -0700},
	Date-Modified = {2018-08-27 15:27:50 -0700},
	Journal = {Political Analysis},
	Pages = {25--46},
	Title = {Entropy balancing for causal effects: A multivariate reweighting method to produce balanced samples in observational studies},
	Volume = {20},
	Year = {2012}}

@article{rubin2008objective,
	Author = {Rubin, Donald B},
	Date-Added = {2018-02-02 06:04:19 +0000},
	Date-Modified = {2018-02-02 06:04:19 +0000},
	Journal = {The Annals of Applied Statistics},
	Pages = {808--840},
	Publisher = {JSTOR},
	Title = {For objective causal inference, design trumps analysis},
	Year = {2008}}

@article{fogarty2016regression,
	Author = {Fogarty, Colin B},
	Date-Added = {2017-10-18 01:43:33 +0000},
	Date-Modified = {2017-10-18 01:43:33 +0000},
	Journal = {arXiv preprint arXiv:1612.05179},
	Title = {Regression assisted inference for the average treatment effect in paired experiments},
	Year = {2016}}

@book{pratt2012concepts,
	Author = {Pratt, John Winsor and Gibbons, Jean Dickinson},
	Date-Added = {2017-10-05 04:49:09 +0000},
	Date-Modified = {2017-10-05 04:49:09 +0000},
	Publisher = {Springer Science \&amp; Business Media},
	Title = {Concepts of nonparametric theory},
	Year = {2012}}

@article{steck1969smirnov,
	Author = {Steck, GP},
	Date-Added = {2017-10-05 04:47:38 +0000},
	Date-Modified = {2017-10-05 04:47:38 +0000},
	Journal = {The Annals of Mathematical Statistics},
	Number = {4},
	Pages = {1449--1466},
	Publisher = {JSTOR},
	Title = {The Smirnov two sample tests as rank tests},
	Volume = {40},
	Year = {1969}}

@article{hausman1983specification,
	Author = {Hausman, Jerry A},
	Date-Added = {2016-11-24 06:42:09 +0000},
	Date-Modified = {2016-11-24 06:42:09 +0000},
	Journal = {Handbook of econometrics},
	Pages = {391--448},
	Publisher = {Elsevier},
	Title = {Specification and estimation of simultaneous equation models},
	Volume = {1},
	Year = {1983}}

@article{imbens2014instrumental,
	Author = {Imbens, Guido},
	Date-Added = {2016-11-24 06:39:33 +0000},
	Date-Modified = {2016-11-24 06:39:47 +0000},
	Journal = {Statistical Science},
	Title = {Instrumental variables: An econometrician's perspective},
	Year = {2014}}

@article{frangakis2002principal,
	Author = {Frangakis, Constantine E and Rubin, Donald B},
	Date-Added = {2016-11-24 00:57:51 +0000},
	Date-Modified = {2016-11-24 00:57:57 +0000},
	Journal = {Biometrics},
	Pages = {21--29},
	Publisher = {Wiley Online Library},
	Title = {Principal stratification in causal inference},
	Volume = {58},
	Year = {2002}}

@article{cedilnik2004distribution,
	Author = {Cedilnik, Anton and Kosmelj, Katarina and Blejec, Andrej},
	Date-Added = {2016-11-16 18:37:11 +0000},
	Date-Modified = {2016-11-16 18:37:11 +0000},
	Journal = {Metodolo{\v{s}}ki zvezki},
	Number = {1},
	Pages = {99--108},
	Title = {The distribution of the ratio of jointly normal variables},
	Volume = {1},
	Year = {2004}}

@article{ding2014three,
	Author = {Ding, Peng},
	Date-Added = {2016-11-16 18:34:49 +0000},
	Date-Modified = {2016-11-16 18:34:49 +0000},
	Journal = {The American Statistician},
	Number = {1},
	Pages = {32--35},
	Publisher = {Taylor \&amp; Francis},
	Title = {Three occurrences of the hyperbolic-secant distribution},
	Volume = {68},
	Year = {2014}}

@article{kang2016comparison,
	Author = {Kang, Hyunseung and Peck, Laura and Keele, Luke},
	Date-Added = {2016-11-15 23:04:00 +0000},
	Date-Modified = {2016-11-15 23:04:00 +0000},
	Journal = {arXiv preprint arXiv:1606.04146},
	Title = {A comparison of inferential techniques for instrumental variables methods},
	Year = {2016}}

@article{little2009comparison,
	Author = {Little, Roderick J and Long, Qi and Lin, Xihong},
	Date-Added = {2016-11-15 23:02:55 +0000},
	Date-Modified = {2016-11-15 23:02:55 +0000},
	Journal = {Biometrics},
	Number = {2},
	Pages = {640--649},
	Publisher = {Wiley Online Library},
	Title = {A comparison of methods for estimating the causal effect of a treatment in randomized clinical trials subject to noncompliance},
	Volume = {65},
	Year = {2009}}

@article{efron1991compliance,
	Author = {Efron, Bradley and Feldman, David},
	Date-Added = {2016-11-14 22:16:26 +0000},
	Date-Modified = {2016-11-14 22:16:26 +0000},
	Journal = {Journal of the American Statistical Association},
	Number = {413},
	Pages = {9--17},
	Publisher = {Taylor \&amp; Francis Group},
	Title = {Compliance as an explanatory variable in clinical trials},
	Volume = {86},
	Year = {1991}}

@article{rubin1998more,
	Author = {Rubin, Donald B},
	Date-Added = {2016-11-14 18:31:46 +0000},
	Date-Modified = {2016-11-14 18:31:46 +0000},
	Journal = {Statistics in medicine},
	Number = {3},
	Pages = {371--385},
	Publisher = {Wiley Online Library},
	Title = {More powerful randomization-based p-values in double-blind trials with non-compliance},
	Volume = {17},
	Year = {1998}}

@article{wald1940fitting,
	Author = {Wald, Abraham},
	Date-Added = {2016-11-14 06:47:05 +0000},
	Date-Modified = {2016-11-14 06:47:05 +0000},
	Journal = {The Annals of Mathematical Statistics},
	Number = {3},
	Pages = {284--300},
	Publisher = {JSTOR},
	Title = {The fitting of straight lines if both variables are subject to error},
	Volume = {11},
	Year = {1940}}

@article{baker2014iv,
	Author = {Baker, Stuart G},
	Date-Added = {2016-11-13 22:48:00 +0000},
	Date-Modified = {2016-11-13 22:48:56 +0000},
	Journal = {Statistics in Medicine},
	Number = {33},
	Pages = {3058--3059},
	Publisher = {Wiley Online Library},
	Title = {Instrumental variable methods for causal inference: early work and recent developments},
	Year = {2014}}

@article{permutt1989simultaneous,
	Author = {Permutt, Thomas and Hebel, J Richard},
	Date-Added = {2016-11-13 22:46:48 +0000},
	Date-Modified = {2016-11-13 22:46:48 +0000},
	Journal = {Biometrics},
	Pages = {619--622},
	Publisher = {JSTOR},
	Title = {Simultaneous-equation estimation in a clinical trial of the effect of smoking on birth weight},
	Year = {1989}}

@article{cuzick1997adjusting,
	Author = {Cuzick, J. and EDWARDS, ROBERT and SEGNAN, NEREO},
	Date-Added = {2016-11-13 22:45:55 +0000},
	Date-Modified = {2016-11-14 18:15:12 +0000},
	Journal = {Statistics in Medicine},
	Number = {9},
	Pages = {1017--1029},
	Publisher = {Wiley Online Library},
	Title = {Adjusting for non-compliance and contamination in randomized clinical trials},
	Volume = {16},
	Year = {1997}}

@article{sommer1991estimating,
	Author = {Sommer, Alfred and Zeger, Scott L},
	Date-Added = {2016-11-13 22:45:18 +0000},
	Date-Modified = {2016-11-13 22:45:18 +0000},
	Journal = {Statistics in medicine},
	Number = {1},
	Pages = {45--52},
	Publisher = {Wiley Online Library},
	Title = {On estimating efficacy from clinical trials},
	Volume = {10},
	Year = {1991}}

@article{baker1994paired,
	Author = {Baker, Stuart G and Lindeman, Karen S},
	Date-Added = {2016-11-13 22:43:10 +0000},
	Date-Modified = {2016-11-13 22:43:10 +0000},
	Journal = {Statistics in medicine},
	Number = {21},
	Pages = {2269--2278},
	Publisher = {Wiley Online Library},
	Title = {The paired availability design: a proposal for evaluating epidural analgesia during labor},
	Volume = {13},
	Year = {1994}}

@article{bloom1984accounting,
	Author = {Bloom, Howard S},
	Date-Added = {2016-11-13 22:42:41 +0000},
	Date-Modified = {2016-11-13 22:42:41 +0000},
	Journal = {Evaluation review},
	Number = {2},
	Pages = {225--246},
	Publisher = {Sage Publications},
	Title = {Accounting for no-shows in experimental evaluation designs},
	Volume = {8},
	Year = {1984}}

@article{zelen1990randomized,
	Author = {Zelen, Marvin},
	Date-Added = {2016-11-13 22:41:00 +0000},
	Date-Modified = {2016-11-13 22:41:00 +0000},
	Journal = {Statistics in medicine},
	Number = {6},
	Pages = {645--656},
	Publisher = {Wiley Online Library},
	Title = {Randomized consent designs for clinical trials: an update},
	Volume = {9},
	Year = {1990}}

@article{zelen1979new,
	Author = {Zelen, Marvin},
	Date-Added = {2016-11-13 22:40:16 +0000},
	Date-Modified = {2016-11-13 22:40:16 +0000},
	Journal = {New England Journal of Medicine},
	Number = {22},
	Pages = {1242--1245},
	Publisher = {Mass Medical Soc},
	Title = {A new design for randomized clinical trials},
	Volume = {300},
	Year = {1979}}

@article{hirano2000assessing,
	Author = {Hirano, Keisuke and Imbens, Guido W and Rubin, Donald B and Zhou, Xiao-Hua},
	Date-Added = {2016-11-13 22:31:22 +0000},
	Date-Modified = {2016-11-13 22:31:22 +0000},
	Journal = {Biostatistics},
	Number = {1},
	Pages = {69--88},
	Publisher = {Biometrika Trust},
	Title = {Assessing the effect of an influenza vaccine in an encouragement design},
	Volume = {1},
	Year = {2000}}

@article{powers1984effects,
	Author = {Powers, Donald E and Swinton, Spencer S},
	Date-Added = {2016-11-13 22:14:32 +0000},
	Date-Modified = {2016-11-13 22:14:32 +0000},
	Journal = {Journal of Educational Psychology},
	Number = {2},
	Pages = {266},
	Publisher = {American Psychological Association},
	Title = {Effects of self-study for coachable test item types.},
	Volume = {76},
	Year = {1984}}

@article{imbens1997bayesian,
	Author = {Imbens, Guido W and Rubin, Donald B},
	Date-Added = {2016-11-13 22:06:52 +0000},
	Date-Modified = {2016-11-13 22:06:52 +0000},
	Journal = {The Annals of Statistics},
	Pages = {305--327},
	Publisher = {JSTOR},
	Title = {Bayesian inference for causal effects in randomized experiments with noncompliance},
	Year = {1997}}

@article{imbens1994identification,
	Author = {Imbens, Guido W and Angrist, Joshua D},
	Date-Added = {2016-11-13 22:05:49 +0000},
	Date-Modified = {2016-11-13 22:05:49 +0000},
	Journal = {Econometrica},
	Number = {2},
	Pages = {467--475},
	Publisher = {JSTOR},
	Title = {Identification and estimation of local average treatment effects},
	Volume = {62},
	Year = {1994}}

@article{angrist1996identification,
	Author = {Angrist, Joshua D and Imbens, Guido W and Rubin, Donald B},
	Date-Added = {2016-11-13 22:05:12 +0000},
	Date-Modified = {2016-11-13 22:05:12 +0000},
	Journal = {Journal of the American statistical Association},
	Number = {434},
	Pages = {444--455},
	Publisher = {Taylor \&amp; Francis},
	Title = {Identification of causal effects using instrumental variables},
	Volume = {91},
	Year = {1996}}

@article{angrist1995two,
	Author = {Angrist, Joshua D and Imbens, Guido W},
	Date-Added = {2016-11-13 22:04:27 +0000},
	Date-Modified = {2016-11-13 22:04:27 +0000},
	Journal = {Journal of the American statistical Association},
	Number = {430},
	Pages = {431--442},
	Publisher = {Taylor \&amp; Francis},
	Title = {Two-stage least squares estimation of average causal effects in models with variable treatment intensity},
	Volume = {90},
	Year = {1995}}

@article{hill1965environment,
	Author = {Hill, Austin Bradford},
	Date-Added = {2016-11-09 07:49:02 +0000},
	Date-Modified = {2017-11-02 17:58:02 +0000},
	Journal = {Proceedings of the Royal Society of Medicine},
	Number = {5},
	Pages = {295},
	Publisher = {Royal Society of Medicine Press},
	Title = {The environment and disease: association or causation?},
	Volume = {58},
	Year = {1965}}

@article{rubin2012potential,
	Author = {Rubin, Donald B},
	Date-Added = {2016-11-09 07:06:55 +0000},
	Date-Modified = {2017-11-02 17:58:46 +0000},
	Journal = {Statistics in medicine},
	Number = {24},
	Pages = {2778--2779},
	Publisher = {Wiley Online Library},
	Title = {Potential updates to {C}ornfield's 1959 `{P}rinciples of {R}esearch'},
	Volume = {31},
	Year = {2012}}

@article{ding2014generalized,
	Author = {Ding, Peng and Vanderweele, Tyler J},
	Date-Added = {2016-11-09 07:03:24 +0000},
	Date-Modified = {2016-11-09 07:03:24 +0000},
	Journal = {Biometrika},
	Number = {4},
	Pages = {971--977},
	Publisher = {Biometrika Trust},
	Title = {Generalized Cornfield conditions for the risk difference},
	Volume = {101},
	Year = {2014}}

@article{cornfield1959principles,
	Author = {Cornfield, Jerome},
	Date-Added = {2016-11-09 07:00:13 +0000},
	Date-Modified = {2017-11-02 17:57:31 +0000},
	Journal = {American Journal of Mental Deficiency},
	Pages = {240--252},
	Title = {Principles of research.},
	Volume = {64},
	Year = {1959}}

@article{doll1957significance,
	Author = {Doll, R and Hill, A Bradford and Kreyberg, L},
	Date-Added = {2016-11-09 06:56:44 +0000},
	Date-Modified = {2017-11-02 17:57:46 +0000},
	Journal = {British Journal of Cancer},
	Number = {1},
	Pages = {43},
	Publisher = {Nature Publishing Group},
	Title = {The significance of cell type in relation to the aetiology of lung cancer},
	Volume = {11},
	Year = {1957}}

@article{cornfield1959smoking,
	Author = {Cornfield, Jerome and Haenszel, William and Hammond, E Cuyler and Lilienfeld, Abraham M and Shimkin, Michael B and Wynder, Ernst L},
	Date-Added = {2016-11-09 05:30:36 +0000},
	Date-Modified = {2016-11-09 05:31:17 +0000},
	Journal = {J. Nat. Cancer Inst},
	Pages = {173--203},
	Title = {Smoking and lung cancer: recent evidence and a discussion of some questions},
	Volume = {22},
	Year = {1959}}

@book{reichenbach1956direction,
	Author = {Reichenbach, Hans},
	Date-Added = {2016-11-09 05:23:18 +0000},
	Date-Modified = {2017-11-02 17:58:27 +0000},
	Publisher = {University of California Press},
	Title = {The Direction of Time},
	Volume = {65},
	Year = {1956}}

@article{fisher1957dangers,
	Author = {Fisher, Ronald A},
	Date-Added = {2016-11-09 05:18:25 +0000},
	Date-Modified = {2016-11-09 05:18:25 +0000},
	Journal = {British Medical Journal},
	Number = {5039},
	Pages = {297},
	Publisher = {BMJ Group},
	Title = {Dangers of cigarette-smoking},
	Volume = {2},
	Year = {1957}}

@article{hammond1958smoking,
	Author = {Hammond, E Cuyler and Horn, Daniel},
	Date-Added = {2016-11-09 04:57:12 +0000},
	Date-Modified = {2016-11-09 04:57:12 +0000},
	Journal = {Journal of the American Medical Association},
	Number = {11},
	Pages = {1294--1308},
	Publisher = {American Medical Association},
	Title = {Smoking and death rates---report on forty-four months of follow-up of 187,783 men},
	Volume = {166},
	Year = {1958}}

@article{zhao2016randomization,
	Author = {Zhao, Anqi and Ding, Peng and Dasgupta, Tirthankar},
	Date-Added = {2016-11-06 23:21:15 +0000},
	Date-Modified = {2016-11-06 23:24:33 +0000},
	Journal = {The Annals of Statistics},
	Number = {Under revision},
	Pages = {https://arxiv.org/abs/1602.03915},
	Title = {Randomization-Based Causal Inference from Unbalanced $2^2$ Split-Plot Designs},
	Year = {2016}}

@article{cameron2015practitioner,
	Author = {Cameron, A Colin and Miller, Douglas L},
	Date-Added = {2016-11-06 22:59:08 +0000},
	Date-Modified = {2016-11-06 22:59:08 +0000},
	Journal = {Journal of Human Resources},
	Number = {2},
	Pages = {317--372},
	Publisher = {University of Wisconsin Press},
	Title = {A practitioner's guide to cluster-robust inference},
	Volume = {50},
	Year = {2015}}

@article{schochet2013estimators,
	Author = {Schochet, Peter Z},
	Date-Added = {2016-11-06 22:58:35 +0000},
	Date-Modified = {2016-11-06 22:58:35 +0000},
	Journal = {Journal of Educational and Behavioral Statistics},
	Number = {3},
	Pages = {219--238},
	Publisher = {SAGE Publications},
	Title = {Estimators for clustered education RCTs using the Neyman model for causal inference},
	Volume = {38},
	Year = {2013}}

@article{middleton2008bias,
	Author = {Middleton, Joel A},
	Date-Added = {2016-11-06 22:57:41 +0000},
	Date-Modified = {2016-11-06 22:57:41 +0000},
	Journal = {Statistics \&amp; Probability Letters},
	Number = {16},
	Pages = {2654--2659},
	Publisher = {Elsevier},
	Title = {Bias of the regression estimator for experiments using clustered random assignment},
	Volume = {78},
	Year = {2008}}

@article{zhang2012powerful,
	Author = {Zhang, Kai and Traskin, Mikhail and Small, Dylan S},
	Date-Added = {2016-11-06 20:30:50 +0000},
	Date-Modified = {2016-11-06 20:30:50 +0000},
	Journal = {Biometrics},
	Number = {1},
	Pages = {75--84},
	Publisher = {Wiley Online Library},
	Title = {A Powerful and Robust Test Statistic for Randomization Inference in Group-Randomized Trials with Matched Pairs of Groups},
	Volume = {68},
	Year = {2012}}

@article{hansen2009attributing,
	Author = {Hansen, Ben B and Bowers, Jake},
	Date-Added = {2016-11-06 20:29:11 +0000},
	Date-Modified = {2016-11-06 20:29:11 +0000},
	Journal = {Journal of the American Statistical Association},
	Number = {487},
	Pages = {873--885},
	Publisher = {Taylor \&amp; Francis},
	Title = {Attributing effects to a cluster-randomized get-out-the-vote campaign},
	Volume = {104},
	Year = {2009}}

@article{imai2009essential,
	Author = {Imai, Kosuke and King, Gary and Nall, Clayton and others},
	Date-Added = {2016-11-06 20:28:25 +0000},
	Date-Modified = {2016-11-06 20:28:25 +0000},
	Journal = {Statistical Science},
	Number = {1},
	Pages = {29--53},
	Publisher = {Institute of Mathematical Statistics},
	Title = {The essential role of pair matching in cluster-randomized experiments, with application to the Mexican universal health insurance evaluation},
	Volume = {24},
	Year = {2009}}

@article{gail1996design,
	Author = {Gail, Mitchell H and Mark, Steven D and Carroll, Raymond J and Green, Sylvan B and Pee, David},
	Date-Added = {2016-11-06 20:27:35 +0000},
	Date-Modified = {2016-11-06 20:27:35 +0000},
	Journal = {Statistics in medicine},
	Number = {11},
	Pages = {1069--1092},
	Publisher = {Wiley Online Library},
	Title = {On design considerations and randomization-based inference for community intervention trials},
	Volume = {15},
	Year = {1996}}

@article{angrist2009effects,
	Author = {Angrist, Joshua and Lavy, Victor},
	Date-Added = {2016-11-06 20:24:28 +0000},
	Date-Modified = {2016-11-06 20:24:28 +0000},
	Journal = {The American Economic Review},
	Number = {4},
	Pages = {1384--1414},
	Publisher = {American Economic Association},
	Title = {The effects of high stakes high school achievement awards: Evidence from a randomized trial},
	Volume = {99},
	Year = {2009}}

@book{donner2000design,
	Author = {Donner, Allan and Klar, Neil},
	Date-Added = {2016-11-06 20:22:52 +0000},
	Date-Modified = {2016-11-06 20:22:52 +0000},
	Title = {Design and analysis of cluster randomization trials in health research},
	Year = {2000}}

@article{rosenbaum1993hodges,
	Author = {Rosenbaum, Paul R},
	Date-Added = {2016-11-05 21:00:34 +0000},
	Date-Modified = {2016-11-05 21:00:34 +0000},
	Journal = {Journal of the American Statistical Association},
	Number = {424},
	Pages = {1250--1253},
	Publisher = {Taylor \&amp; Francis},
	Title = {Hodges-Lehmann point estimates of treatment effect in observational studies},
	Volume = {88},
	Year = {1993}}

@article{rosenbaum1987sensitivity,
	Author = {Rosenbaum, Paul R},
	Date-Added = {2016-11-05 21:00:08 +0000},
	Date-Modified = {2016-11-05 21:00:08 +0000},
	Journal = {Biometrika},
	Number = {1},
	Pages = {13--26},
	Publisher = {Biometrika Trust},
	Title = {Sensitivity analysis for certain permutation inferences in matched observational studies},
	Volume = {74},
	Year = {1987}}

@article{yuan2007efficient,
	Author = {Yuan, Ming and Joseph, V Roshan and Lin, Yi},
	Date-Added = {2016-10-31 22:13:04 +0000},
	Date-Modified = {2016-10-31 22:13:04 +0000},
	Journal = {Technometrics},
	Number = {4},
	Pages = {430--439},
	Publisher = {Taylor \&amp; Francis},
	Title = {An efficient variable selection approach for analyzing designed experiments},
	Volume = {49},
	Year = {2007}}

@article{choi2010variable,
	Author = {Choi, Nam Hee and Li, William and Zhu, Ji},
	Date-Added = {2016-10-31 22:12:44 +0000},
	Date-Modified = {2016-10-31 22:12:44 +0000},
	Journal = {Journal of the American Statistical Association},
	Number = {489},
	Pages = {354--364},
	Publisher = {Taylor \&amp; Francis},
	Title = {Variable selection with the strong heredity constraint and its oracle property},
	Volume = {105},
	Year = {2010}}

@article{blackwell2016instrumental,
	Author = {Blackwell, Matthew},
	Date-Added = {2016-10-31 21:41:16 +0000},
	Date-Modified = {2016-10-31 21:41:16 +0000},
	Journal = {Journal of the American Statistical Association},
	Number = {just-accepted},
	Publisher = {Taylor \&amp; Francis},
	Title = {Instrumental Variable Methods for Conditional Effects and Causal Interaction in Voter Mobilization Experiments},
	Year = {2016}}

@article{hamada1992analysis,
	Author = {Hamada, Michael and Wu, CF Jeff},
	Date-Added = {2016-10-30 21:19:04 +0000},
	Date-Modified = {2016-10-30 21:19:10 +0000},
	Journal = {Journal of Quality Technology},
	Number = {3},
	Title = {Analysis of designed experiments with complex aliasing},
	Volume = {24},
	Year = {1992}}

@article{wu2015post,
	Author = {Wu, CF Jeff},
	Date-Added = {2016-10-30 21:14:06 +0000},
	Date-Modified = {2016-10-30 21:14:06 +0000},
	Journal = {Journal of the American Statistical Association},
	Number = {510},
	Pages = {612--620},
	Publisher = {Taylor \&amp; Francis},
	Title = {Post-Fisherian experimentation: From physical to virtual},
	Volume = {110},
	Year = {2015}}

@article{box1986analysis,
	Author = {Box, George EP and Meyer, R Daniel},
	Date-Added = {2016-10-30 21:13:32 +0000},
	Date-Modified = {2016-10-30 21:13:32 +0000},
	Journal = {Technometrics},
	Number = {1},
	Pages = {11--18},
	Publisher = {Taylor \&amp; Francis Group},
	Title = {An analysis for unreplicated fractional factorials},
	Volume = {28},
	Year = {1986}}

@article{lu2016covariate,
	Author = {Lu, Jiannan},
	Date-Added = {2016-10-30 19:58:53 +0000},
	Date-Modified = {2016-10-30 19:58:53 +0000},
	Journal = {Statistics \&amp; Probability Letters},
	Pages = {11--20},
	Publisher = {Elsevier},
	Title = {Covariate adjustment in randomization-based causal inference for 2K factorial designs},
	Volume = {119},
	Year = {2016}}

@article{lu2016randomization,
	Author = {Lu, Jiannan},
	Date-Added = {2016-10-30 19:58:29 +0000},
	Date-Modified = {2016-10-30 19:58:29 +0000},
	Journal = {Statistics \&amp; Probability Letters},
	Pages = {72--78},
	Publisher = {Elsevier},
	Title = {On randomization-based and regression-based inferences for 2K factorial designs},
	Volume = {112},
	Year = {2016}}

@article{espinosa2016bayesian,
	Author = {Espinosa, Valeria and Dasgupta, Tirthankar and Rubin, Donald B},
	Date-Added = {2016-10-30 19:45:39 +0000},
	Date-Modified = {2016-10-30 19:45:39 +0000},
	Journal = {Technometrics},
	Number = {1},
	Pages = {62--73},
	Publisher = {Taylor \&amp; Francis},
	Title = {A Bayesian Perspective on the Analysis of Unreplicated Factorial Experiments Using Potential Outcomes},
	Volume = {58},
	Year = {2016}}

@article{egami2016,
	Author = {Egami, N. and Imai, K.},
	Date-Added = {2016-10-30 18:24:57 +0000},
	Date-Modified = {2016-10-30 18:24:57 +0000},
	Journal = {Techncial report},
	Title = {Causal Interaction in Factorial Experiments: Application to Conjoint Analysis},
	Year = {2016}}

@article{egami2015causal,
	Author = {Egami, Naoki and Imai, Kosuke},
	Date-Added = {2016-10-30 18:24:57 +0000},
	Date-Modified = {2016-10-30 18:24:57 +0000},
	Journal = {Unpublished manuscript, Princeton University. http://imai. princeton. edu/research/files/int. pdf},
	Title = {Causal Interaction in High Dimension},
	Year = {2015}}

@article{hainmueller2014causal,
	Author = {Hainmueller, Jens and Hopkins, Daniel J and Yamamoto, Teppei},
	Date-Added = {2016-10-30 18:24:57 +0000},
	Date-Modified = {2016-10-30 18:24:57 +0000},
	Journal = {Political Analysis},
	Number = {1},
	Pages = {1--30},
	Publisher = {SPM-PMSAPSA},
	Title = {Causal inference in conjoint analysis: Understanding multidimensional choices via stated preference experiments},
	Volume = {22},
	Year = {2014}}

@article{branson2015improving,
	Author = {Branson, Zach and Dasgupta, Tirthankar and Rubin, Donald B},
	Date-Added = {2016-10-30 18:24:40 +0000},
	Date-Modified = {2016-10-30 18:24:40 +0000},
	Journal = {arXiv preprint arXiv:1511.01973},
	Title = {Improving Covariate Balance in 2\^{} K Factorial Designs via Rerandomization},
	Year = {2015}}

@book{wu2011experiments,
	Author = {Wu, CF Jeff and Hamada, Michael S},
	Date-Added = {2016-10-30 18:24:29 +0000},
	Date-Modified = {2016-10-30 18:24:29 +0000},
	Publisher = {John Wiley \&amp; Sons},
	Title = {Experiments: planning, analysis, and optimization},
	Volume = {552},
	Year = {2011}}

@book{yates1937design,
	Author = {Yates, Frank},
	Date-Added = {2016-10-30 18:24:17 +0000},
	Date-Modified = {2016-10-30 18:24:17 +0000},
	Publisher = {Imperial Bureau of Soil Science},
	Title = {The design and analysis of factorial experiments},
	Year = {1937}}

@article{rogers2016discouraged,
	Author = {Rogers, Todd and Feller, Avi},
	Date-Added = {2016-10-27 17:30:50 +0000},
	Date-Modified = {2016-10-27 17:30:50 +0000},
	Journal = {Psychological science},
	Number = {3},
	Pages = {365--374},
	Publisher = {SAGE Publications},
	Title = {Discouraged by Peer Excellence Exposure to Exemplary Peer Performance Causes Quitting},
	Volume = {27},
	Year = {2016}}

@article{ogawa1973randomization,
	Author = {Ogawa, J. and Ikeda, S.},
	Date-Added = {2016-10-25 23:55:35 +0000},
	Date-Modified = {2016-10-25 23:57:03 +0000},
	Journal = {A Survey of Combinatorial Theory},
	Pages = {335},
	Publisher = {North-Holland Publishing Company},
	Title = {On the randomization of block designs},
	Year = {1973}}

@article{david2008beginnings,
	Author = {David, Herbert A},
	Date-Added = {2016-10-25 23:28:23 +0000},
	Date-Modified = {2017-08-05 06:25:14 +0000},
	Journal = {The American Statistician},
	Pages = {70--72},
	Publisher = {Taylor \&amp; Francis},
	Title = {The beginnings of randomization tests},
	Volume = {62},
	Year = {2008}}

@article{wilk1955randomization,
	Author = {Wilk, Martin B},
	Date-Added = {2016-10-25 23:28:04 +0000},
	Date-Modified = {2016-10-25 23:28:04 +0000},
	Journal = {Biometrika},
	Number = {1/2},
	Pages = {70--79},
	Publisher = {JSTOR},
	Title = {The randomization analysis of a generalized randomized block design},
	Volume = {42},
	Year = {1955}}

@article{friedman1937use,
	Author = {Friedman, Milton},
	Date-Added = {2016-10-21 07:06:02 +0000},
	Date-Modified = {2017-08-05 06:24:58 +0000},
	Journal = {Journal of the American Statistical Association},
	Pages = {675--701},
	Title = {The use of ranks to avoid the assumption of normality implicit in the analysis of variance},
	Volume = {32},
	Year = {1937}}

@article{tsiatis2008covariate,
	Author = {Tsiatis, Anastasios A and Davidian, Marie and Zhang, Min and Lu, Xiaomin},
	Date-Added = {2016-10-17 21:04:05 +0000},
	Date-Modified = {2016-10-17 21:04:05 +0000},
	Journal = {Statistics in medicine},
	Number = {23},
	Pages = {4658--4677},
	Publisher = {Wiley Online Library},
	Title = {Covariate adjustment for two-sample treatment comparisons in randomized clinical trials: A principled yet flexible approach},
	Volume = {27},
	Year = {2008}}

@book{hettmansperger1991statistical,
	Author = {Hettmansperger, Thomas P Thomas A},
	Date-Added = {2016-10-17 01:41:26 +0000},
	Date-Modified = {2016-10-17 01:41:38 +0000},
	Number = {519.5 H4},
	Publisher = {New York: John Wiley and Sons},
	Title = {Statistical inference based on ranks},
	Year = {1991}}

@article{jirina1976asymptotic,
	Author = {Jirina, Miloslav and others},
	Date-Added = {2016-10-17 01:34:53 +0000},
	Date-Modified = {2016-10-17 01:34:53 +0000},
	Journal = {The Annals of Statistics},
	Number = {1},
	Pages = {214--215},
	Publisher = {Institute of Mathematical Statistics},
	Title = {On the asymptotic normality of Kendall's rank correlation statistic},
	Volume = {4},
	Year = {1976}}

@article{zhao1997error,
	Author = {Zhao, Lincheng and Bai, Zhidong and Chao, Chern-Ching and Liang, Wen-Qi and others},
	Date-Added = {2016-10-17 00:58:19 +0000},
	Date-Modified = {2016-10-17 00:58:19 +0000},
	Journal = {The Annals of Statistics},
	Number = {5},
	Pages = {2210--2227},
	Publisher = {Institute of Mathematical Statistics},
	Title = {Error bound in a central limit theorem of double-indexed permutation statistics},
	Volume = {25},
	Year = {1997}}

@article{daniels1944relation,
	Author = {Daniels, Henry E},
	Date-Added = {2016-10-17 00:53:12 +0000},
	Date-Modified = {2016-10-17 00:53:12 +0000},
	Journal = {Biometrika},
	Number = {2},
	Pages = {129--135},
	Publisher = {JSTOR},
	Title = {The relation between measures of correlation in the universe of sample permutations},
	Volume = {33},
	Year = {1944}}

@article{sen1985permutational,
	Author = {Sen, PK},
	Date-Added = {2016-10-16 20:42:38 +0000},
	Date-Modified = {2016-10-16 20:42:38 +0000},
	Journal = {Encyclopedia of Statistical Sciences},
	Publisher = {Wiley Online Library},
	Title = {Permutational central limit theorems},
	Year = {1985}}

@article{schreyer2016exact,
	Author = {Schreyer, Manuela and Paulin, Roland and Trutschnig, Wolfgang},
	Date-Added = {2016-10-16 05:54:51 +0000},
	Date-Modified = {2016-10-16 05:59:00 +0000},
	Journal = {Journal of the Royal Statistical Society: Series B (Statistical Methodology)},
	Publisher = {Wiley Online Library},
	Title = {On the exact region determined by {K}endall's $\tau$ and {S}pearman's $\rho$},
	Year = {2016}}

@article{kendall1938new,
	Author = {Kendall, Maurice G},
	Date-Added = {2016-10-16 00:54:53 +0000},
	Date-Modified = {2016-10-16 00:54:53 +0000},
	Journal = {Biometrika},
	Number = {1/2},
	Pages = {81--93},
	Publisher = {JSTOR},
	Title = {A new measure of rank correlation},
	Volume = {30},
	Year = {1938}}

@article{pearson1895note,
	Author = {Pearson, Karl},
	Date-Added = {2016-10-16 00:51:41 +0000},
	Date-Modified = {2016-10-16 00:51:41 +0000},
	Journal = {Proceedings of the Royal Society of London},
	Pages = {240--242},
	Publisher = {JSTOR},
	Title = {Note on regression and inheritance in the case of two parents},
	Volume = {58},
	Year = {1895}}

@article{spearman1904proof,
	Author = {Spearman, Charles},
	Date-Added = {2016-10-16 00:50:45 +0000},
	Date-Modified = {2016-10-16 00:50:45 +0000},
	Journal = {The American journal of psychology},
	Number = {1},
	Pages = {72--101},
	Publisher = {JSTOR},
	Title = {The proof and measurement of association between two things},
	Volume = {15},
	Year = {1904}}

@article{walsh1959comments,
	Author = {Walsh, J. E.},
	Date-Added = {2016-10-13 23:40:59 +0000},
	Date-Modified = {2016-10-13 23:41:21 +0000},
	Journal = {Journal of the American Statistical Association},
	Pages = {213--224},
	Title = {Comments on ``The simplest signed-rank tests''},
	Volume = {54},
	Year = {1959}}

@inbook{cochran1978laplace,
	Author = {Cochran, W. G.},
	Date-Added = {2016-10-10 00:23:07 +0000},
	Date-Modified = {2016-10-13 06:56:35 +0000},
	Pages = {3--10},
	Publisher = {Contributions to Survey Sampling and Applied Statistics},
	Title = {Laplace's ratio estimator},
	Year = {1978}}

@article{mchugh1983post,
	Author = {McHugh, Richard and Matts, John},
	Date-Added = {2016-10-03 20:45:10 +0000},
	Date-Modified = {2016-10-03 20:55:29 +0000},
	Journal = {Biometrics},
	Pages = {217--225},
	Publisher = {JSTOR},
	Title = {Post-stratification in the randomized clinical trial},
	Volume = {39},
	Year = {1983}}

@article{freedman2008survival,
	Author = {Freedman, David A},
	Date-Added = {2016-09-24 05:15:56 +0000},
	Date-Modified = {2016-09-24 05:16:49 +0000},
	Journal = {The American Statistician},
	Pages = {110--119},
	Publisher = {Taylor \&amp; Francis},
	Title = {Survival analysis: A Primer},
	Volume = {62},
	Year = {2008}}

@article{ding2016randomizationANOVA,
	Author = {Ding, Peng and Dasgupta, Tirthankar},
	Date-Added = {2016-09-21 06:15:16 +0000},
	Date-Modified = {2016-09-21 06:15:29 +0000},
	Journal = {arXiv preprint arXiv:1608.01787},
	Title = {A randomization-based perspective of analysis of variance: a test statistic robust to treatment effect heterogeneity},
	Year = {2016}}

@article{holt1979post,
	Author = {Holt, D and Smith, TMF},
	Date-Added = {2016-09-20 06:15:13 +0000},
	Date-Modified = {2016-10-03 20:54:39 +0000},
	Journal = {Journal of the Royal Statistical Society: Series A (General)},
	Pages = {33--46},
	Publisher = {JSTOR},
	Title = {Post stratification},
	Volume = {142},
	Year = {1979}}

@article{hennessy2016conditional,
	Author = {Hennessy, Jonathan and Dasgupta, Tirthankar and Miratrix, Luke and Pattanayak, Cassandra and Sarkar, Pradipta},
	Date-Added = {2016-09-20 05:36:25 +0000},
	Date-Modified = {2016-10-03 20:54:30 +0000},
	Journal = {Journal of Causal Inference},
	Pages = {61--80},
	Title = {A conditional randomization test to account for covariate imbalance in randomized experiments},
	Volume = {4},
	Year = {2016}}

@article{zheng2008multi,
	Author = {Zheng, Lu and Zelen, Marvin},
	Date-Added = {2016-09-20 05:35:53 +0000},
	Date-Modified = {2016-10-03 20:55:13 +0000},
	Journal = {The Annals of Applied Statistics},
	Pages = {582--600},
	Publisher = {JSTOR},
	Title = {Multi-center clinical trials: Randomization and ancillary statistics},
	Volume = {2},
	Year = {2008}}

@article{tukey1993tightening,
	Author = {Tukey, John W},
	Date-Added = {2016-09-19 20:55:09 +0000},
	Date-Modified = {2016-09-19 20:55:20 +0000},
	Journal = {Controlled Clinical Trials},
	Pages = {266--285},
	Publisher = {Elsevier},
	Title = {Tightening the clinical trial},
	Volume = {14},
	Year = {1993}}

@article{kiefer1959k,
	Author = {Kiefer, J},
	Date-Added = {2016-09-19 17:03:11 +0000},
	Date-Modified = {2016-09-21 16:48:15 +0000},
	Journal = {The Annals of Mathematical Statistics},
	Pages = {420--447},
	Publisher = {JSTOR},
	Title = {K-sample analogues of the {K}olmogorov--{S}mirnov and Cram{\'e}r--{V}. {M}ises tests},
	Volume = {30},
	Year = {1959}}

@article{wang2000fiducial,
	Author = {Wang, YH},
	Date-Added = {2016-09-14 17:08:13 +0000},
	Date-Modified = {2016-09-14 17:28:10 +0000},
	Journal = {The American Statistician},
	Pages = {105--111},
	Publisher = {Taylor \&amp; Francis Group},
	Title = {Fiducial intervals: what are they?},
	Volume = {54},
	Year = {2000}}

@article{hodges1962rank,
	Author = {Hodges, JL and Lehmann, Erich L},
	Date-Added = {2016-09-13 23:27:59 +0000},
	Date-Modified = {2016-09-15 21:48:02 +0000},
	Journal = {The Annals of Mathematical Statistics},
	Pages = {482--497},
	Publisher = {Institute of Mathematical Statistics},
	Title = {Rank methods for combination of independent experiments in analysis of variance},
	Volume = {33},
	Year = {1962}}

@article{mehrotra2010rank,
	Author = {Mehrotra, Devan V and Lu, Xiaomin and Li, Xiaoming},
	Date-Added = {2016-09-13 23:27:26 +0000},
	Date-Modified = {2016-09-15 21:48:12 +0000},
	Journal = {The American Statistician},
	Pages = {121--130},
	Publisher = {Taylor \&amp; Francis},
	Title = {Rank-based analyses of stratified experiments: alternatives to the van Elteren test},
	Volume = {64},
	Year = {2010}}

@article{van1960combination,
	Author = {Van Elteren, PH},
	Date-Added = {2016-09-13 23:11:54 +0000},
	Date-Modified = {2016-09-15 21:50:02 +0000},
	Journal = {Bulletin of the Institute of International Statistics},
	Pages = {351--361},
	Title = {On the combination of independent two-sample tests of Wilcoxon},
	Volume = {37},
	Year = {1960}}

@article{li2016exact,
	Author = {Li, Xinran and Ding, Peng},
	Date-Added = {2016-09-13 22:04:09 +0000},
	Date-Modified = {2016-09-14 17:27:05 +0000},
	Journal = {Statistics in Medicine},
	Pages = {957--960},
	Publisher = {Wiley Online Library},
	Title = {Exact confidence intervals for the average causal effect on a binary outcome},
	Volume = {35},
	Year = {2016}}

@article{mann1947test,
	Author = {Mann, Henry B and Whitney, Donald R},
	Date-Added = {2016-09-13 21:29:34 +0000},
	Date-Modified = {2016-09-13 21:29:59 +0000},
	Journal = {The Annals of Mathematical Statistics},
	Pages = {50--60},
	Publisher = {JSTOR},
	Title = {On a test of whether one of two random variables is stochastically larger than the other},
	Volume = {18},
	Year = {1947}}

@article{sen1963estimation,
	Author = {Sen, Pranab Kumar},
	Date-Added = {2016-09-13 16:56:27 +0000},
	Date-Modified = {2016-09-14 17:27:33 +0000},
	Journal = {Biometrics},
	Pages = {532--552},
	Publisher = {JSTOR},
	Title = {On the estimation of relative potency in dilution (-direct) assays by distribution-free methods},
	Volume = {19},
	Year = {1963}}

@article{heckman1997making,
	Author = {Heckman, James J and Smith, Jeffrey and Clements, Nancy},
	Date-Added = {2016-09-12 19:16:15 +0000},
	Date-Modified = {2016-09-12 19:16:15 +0000},
	Journal = {The Review of Economic Studies},
	Number = {4},
	Pages = {487--535},
	Publisher = {Oxford University Press},
	Title = {Making the most out of programme evaluations and social experiments: Accounting for heterogeneity in programme impacts},
	Volume = {64},
	Year = {1997}}

@book{pearl2009causality,
	Author = {Pearl, Judea},
	Date-Added = {2016-09-12 05:53:44 +0000},
	Date-Modified = {2016-09-12 05:59:27 +0000},
	Edition = {2nd},
	Publisher = {Cambridge: Cambridge University Press},
	Title = {Causality},
	Year = {2009}}

@article{dawid2016statistical,
	Author = {Dawid, A Philip and Musio, Monica and Fienberg, Stephen E},
	Date-Added = {2016-09-12 05:52:40 +0000},
	Date-Modified = {2016-09-12 05:58:45 +0000},
	Journal = {Bayesian Analysis},
	Pages = {725--752},
	Publisher = {International Society for Bayesian Analysis},
	Title = {From statistical evidence to evidence of causality},
	Volume = {11},
	Year = {2016}}

@article{dawid2013fitting,
	Author = {Dawid, A Philip and Faigman, David L and Fienberg, Stephen E},
	Date-Added = {2016-09-12 05:50:26 +0000},
	Date-Modified = {2016-09-12 05:58:16 +0000},
	Journal = {Sociological Methods and Research},
	Pages = {in press},
	Title = {Fitting Science Into Legal Contexts Assessing Effects of Causes or Causes of Effects?},
	Year = {2013}}

@article{lehmann1966some,
	Author = {Lehmann, Erich Leo},
	Date-Added = {2016-09-12 05:28:56 +0000},
	Date-Modified = {2016-09-12 05:28:56 +0000},
	Journal = {The Annals of Mathematical Statistics},
	Pages = {1137--1153},
	Publisher = {JSTOR},
	Title = {Some concepts of dependence},
	Year = {1966}}

@article{ding2016bridging,
	Author = {Ding, P. and Li, X. and Miratrix, L. W.},
	Date-Added = {2016-09-12 04:41:01 +0000},
	Date-Modified = {2016-09-12 05:24:03 +0000},
	Journal = {Technical report},
	Title = {Bridging finite and super population causal inference},
	Year = {2016}}

@article{samii2012equivalencies,
	Author = {Samii, Cyrus and Aronow, Peter M},
	Date-Added = {2016-09-12 04:07:04 +0000},
	Date-Modified = {2016-09-12 05:59:43 +0000},
	Journal = {Statistics and Probability Letters},
	Pages = {365--370},
	Publisher = {Elsevier},
	Title = {On equivalencies between design-based and regression-based variance estimators for randomized experiments},
	Volume = {82},
	Year = {2012}}

@article{schochet2010regression,
	Author = {Schochet, Peter Z},
	Date-Added = {2016-09-12 04:06:26 +0000},
	Date-Modified = {2016-09-12 05:59:54 +0000},
	Journal = {Journal of Statistical Planning and Inference},
	Pages = {246--259},
	Publisher = {Elsevier},
	Title = {Is regression adjustment supported by the Neyman model for causal inference?},
	Volume = {140},
	Year = {2010}}

@book{angrist2008mostly,
	Author = {Angrist, Joshua D and Pischke, J{\"o}rn-Steffen},
	Date-Added = {2016-09-12 04:03:23 +0000},
	Date-Modified = {2016-09-12 05:57:18 +0000},
	Publisher = {Princeton: Princeton University Press},
	Title = {Mostly Harmless Econometrics: An Empiricist's Companion},
	Year = {2008}}

@book{cox1989analysis,
	Author = {Cox, David Roxbee and Snell, E Joyce},
	Date-Added = {2016-09-07 04:59:35 +0000},
	Date-Modified = {2016-09-07 04:59:35 +0000},
	Publisher = {CRC Press},
	Title = {Analysis of binary data},
	Volume = {32},
	Year = {1989}}

@article{mukerjee2016causal,
	Author = {Mukerjee, Rahul and Dasgupta, Tirthankar and Rubin, Donald B},
	Date-Added = {2016-09-06 20:51:16 +0000},
	Date-Modified = {2016-09-06 20:51:16 +0000},
	Journal = {arXiv preprint arXiv:1606.05279},
	Title = {Causal Inference in Rebuilding and Extending the Recondite Bridge between Finite Population Sampling and Experimental Design},
	Year = {2016}}

@article{brillinger1978role,
	Author = {Brillinger, DR and Jones, LV and Tukey, JW},
	Date-Added = {2016-09-01 02:36:19 +0000},
	Date-Modified = {2016-09-01 02:36:19 +0000},
	Journal = {Washington DC: Government Printing Office},
	Title = {The role of statistics in weather resources management},
	Year = {1978}}

@article{simard2011computing,
	Author = {Simard, Richard and L'Ecuyer, Pierre and others},
	Date-Added = {2016-08-31 22:44:44 +0000},
	Date-Modified = {2016-08-31 22:44:44 +0000},
	Journal = {Journal of Statistical Software},
	Number = {11},
	Pages = {1--18},
	Publisher = {Citeseer},
	Title = {Computing the two-sided Kolmogorov-Smirnov distribution},
	Volume = {39},
	Year = {2011}}

@article{ding2016decomposing,
	Author = {Ding, Peng and Feller, Avi and Miratrix, Luke},
	Date-Added = {2016-08-31 01:18:14 +0000},
	Date-Modified = {2016-08-31 01:18:23 +0000},
	Journal = {arXiv:1605.06566},
	Title = {Decomposing Treatment Effect Variation},
	Year = {2016}}

@article{sabbaghi2014comments,
	Author = {Sabbaghi, Arman and Rubin, Donald B},
	Date-Added = {2016-08-29 05:15:53 +0000},
	Date-Modified = {2017-08-05 06:25:29 +0000},
	Journal = {Statistical Science},
	Pages = {267--284},
	Title = {Comments on the Neyman--Fisher controversy and its consequences},
	Volume = {29},
	Year = {2014}}

@article{rosenbaum2005exact,
	Author = {Rosenbaum, Paul R},
	Date-Added = {2016-08-29 05:14:33 +0000},
	Date-Modified = {2016-08-29 05:14:33 +0000},
	Journal = {Journal of the Royal Statistical Society: Series B (Statistical Methodology)},
	Number = {4},
	Pages = {515--530},
	Publisher = {Wiley Online Library},
	Title = {An exact distribution-free test comparing two multivariate distributions based on adjacency},
	Volume = {67},
	Year = {2005}}

@article{chen2016new,
	Author = {Chen, Hao and Friedman, Jerome H},
	Date-Added = {2016-08-29 05:13:20 +0000},
	Date-Modified = {2016-08-29 05:13:34 +0000},
	Journal = {Journal of the American Statistical Association},
	Pages = {in press},
	Title = {A new graph-based two-sample test for multivariate and object data},
	Year = {2016}}

@article{tukey1949dyadic,
	Author = {Tukey, John W},
	Date-Added = {2016-08-29 04:57:36 +0000},
	Date-Modified = {2016-08-29 04:57:36 +0000},
	Journal = {Human Biology},
	Number = {2},
	Pages = {65--110},
	Publisher = {JSTOR},
	Title = {Dyadic anova, an analysis of variance for vectors},
	Volume = {21},
	Year = {1949}}

@inbook{pearson1930problem,
	Author = {Pearson, Egon Sharpe and Neyman, Jerzy},
	Date-Added = {2016-08-29 01:57:15 +0000},
	Date-Modified = {2016-08-29 01:58:16 +0000},
	Editor = {Pearson, Egon Sharpe and Neyman, Jerzy},
	Pages = {99--115},
	Publisher = {Cambridge: Cambridge University Press},
	Title = {On the problem of two samples},
	Year = {1930}}

@article{zhang2012exact,
	Author = {Zhang, Lingyun and Xu, Xinzhong and Chen, Gemai},
	Date-Added = {2016-08-29 01:56:46 +0000},
	Date-Modified = {2016-08-29 01:56:46 +0000},
	Journal = {The American Statistician},
	Number = {3},
	Pages = {180--184},
	Publisher = {Taylor \&amp; Francis},
	Title = {The exact likelihood ratio test for equality of two normal populations},
	Volume = {66},
	Year = {2012}}

@article{dawid2000causal,
	Author = {Dawid, A Philip},
	Date-Added = {2016-08-24 16:25:06 +0000},
	Date-Modified = {2016-08-24 16:25:20 +0000},
	Journal = {Journal of the American Statistical Association},
	Pages = {407--424},
	Publisher = {Taylor \&amp; Francis},
	Title = {Causal inference without counterfactuals (with discussion)},
	Volume = {95},
	Year = {2000}}

@article{hodges1963estimates,
	Author = {Hodges, Jr. Joseph L and Lehmann, Erich L},
	Date-Added = {2016-08-22 22:48:02 +0000},
	Date-Modified = {2016-09-14 17:26:56 +0000},
	Journal = {The Annals of Mathematical Statistics},
	Pages = {598--611},
	Publisher = {JSTOR},
	Title = {Estimates of location based on rank tests},
	Volume = {34},
	Year = {1963}}

@article{schur1911bemerkungen,
	Author = {Schur, J},
	Date-Added = {2016-08-22 05:30:20 +0000},
	Date-Modified = {2016-08-22 05:30:20 +0000},
	Journal = {Journal f{\"u}r die reine und {A}ngewandte {M}athematik},
	Pages = {1--28},
	Title = {Bemerkungen zur {T}heorie der beschr{\"a}nkten {B}ilinearformen mit unendlich vielen {V}er{\"a}nderlichen},
	Volume = {140},
	Year = {1911}}

@article{styan1973hadamard,
	Author = {Styan, George PH},
	Date-Added = {2016-08-22 05:30:20 +0000},
	Date-Modified = {2016-08-22 05:30:20 +0000},
	Journal = {Linear Algebra and Its Applications},
	Pages = {217--240},
	Publisher = {Elsevier},
	Title = {Hadamard products and multivariate statistical analysis},
	Volume = {6},
	Year = {1973}}

@article{james1951comparison,
	Author = {James, GS},
	Date-Added = {2016-08-22 05:28:05 +0000},
	Date-Modified = {2016-08-22 05:28:05 +0000},
	Journal = {Biometrika},
	Pages = {324--329},
	Publisher = {JSTOR},
	Title = {The comparison of several groups of observations when the ratios of the population variances are unknown},
	Volume = {38},
	Year = {1951}}

@article{janssen1997studentized,
	Author = {Janssen, Arnold},
	Date-Added = {2016-08-22 05:28:05 +0000},
	Date-Modified = {2016-08-22 05:28:05 +0000},
	Journal = {Statistics \& Probability Letters},
	Pages = {9--21},
	Publisher = {Elsevier},
	Title = {Studentized permutation tests for non-iid hypotheses and the generalized {B}ehrens--{F}isher problem},
	Volume = {36},
	Year = {1997}}

@article{janssen2003bootstrap,
	Author = {Janssen, Arnold and Pauls, Thorsten},
	Date-Added = {2016-08-22 05:28:05 +0000},
	Date-Modified = {2016-08-22 05:28:05 +0000},
	Journal = {Annals of Statistics},
	Pages = {768--806},
	Publisher = {JSTOR},
	Title = {How do bootstrap and permutation tests work?},
	Volume = {31},
	Year = {2003}}

@article{krishnamoorthy2007parametric,
	Author = {Krishnamoorthy, K and Lu, Fei and Mathew, Thomas},
	Date-Added = {2016-08-22 05:28:05 +0000},
	Date-Modified = {2016-08-22 05:28:05 +0000},
	Journal = {Computational Statistics \& Data Analysis},
	Pages = {5731--5742},
	Publisher = {Elsevier},
	Title = {A parametric bootstrap approach for {ANOVA} with unequal variances: {F}ixed and random models},
	Volume = {51},
	Year = {2007}}

@article{neuhaus1993conditional,
	Author = {Neuhaus, Georg},
	Date-Added = {2016-08-22 05:28:05 +0000},
	Date-Modified = {2016-08-22 05:28:05 +0000},
	Journal = {The Annals of Statistics},
	Pages = {1760--1779},
	Publisher = {JSTOR},
	Title = {Conditional rank tests for the two-sample problem under random censorship},
	Volume = {21},
	Year = {1993}}

@article{pauly2015asymptotic,
	Author = {Pauly, Markus and Brunner, Edgar and Konietschke, Frank},
	Date-Added = {2016-08-22 05:28:05 +0000},
	Date-Modified = {2016-08-22 05:28:05 +0000},
	Journal = {Journal of the Royal Statistical Society: Series B (Statistical Methodology)},
	Pages = {461--473},
	Publisher = {Wiley Online Library},
	Title = {Asymptotic permutation tests in general factorial designs},
	Volume = {77},
	Year = {2015}}

@article{rice1989one,
	Author = {Rice, William R and Gaines, Steven D},
	Date-Added = {2016-08-22 05:28:05 +0000},
	Date-Modified = {2016-08-22 05:28:05 +0000},
	Journal = {Proceedings of the National Academy of Sciences},
	Pages = {8183--8184},
	Publisher = {National Acad Sciences},
	Title = {One-way analysis of variance with unequal variances},
	Volume = {86},
	Year = {1989}}

@article{weerahandi1995anova,
	Author = {Weerahandi, Samaradasa},
	Date-Added = {2016-08-22 05:28:05 +0000},
	Date-Modified = {2016-08-22 05:28:05 +0000},
	Journal = {Biometrics},
	Pages = {589--599},
	Publisher = {JSTOR},
	Title = {{ANOVA} under unequal error variances},
	Volume = {51},
	Year = {1995}}

@article{welch1951comparison,
	Author = {Welch, BL},
	Date-Added = {2016-08-22 05:28:05 +0000},
	Date-Modified = {2016-08-22 05:28:05 +0000},
	Journal = {Biometrika},
	Pages = {330--336},
	Publisher = {JSTOR},
	Title = {On the comparison of several mean values: {A}n alternative approach},
	Volume = {38},
	Year = {1951}}

@book{lehmann2006testing,
	Author = {Lehmann, Erich L and Romano, Joseph P},
	Date-Added = {2016-08-21 22:51:31 +0000},
	Date-Modified = {2016-09-12 05:54:57 +0000},
	Publisher = {New York: Springer},
	Title = {Testing Statistical Hypotheses},
	Year = {2006}}

@article{freedman2008randomization,
	Author = {Freedman, David A},
	Date-Added = {2016-08-18 03:57:48 +0000},
	Date-Modified = {2016-08-24 06:29:38 +0000},
	Journal = {Statistical Science},
	Pages = {237--249},
	Publisher = {Institute of Mathematical Statistics},
	Title = {Randomization does not justify logistic regression},
	Volume = {23},
	Year = {2008}}

@article{reichardt1999justifying,
	Author = {Reichardt, Charles S and Gollob, Harry F},
	Date-Added = {2016-08-18 03:22:46 +0000},
	Date-Modified = {2016-09-12 05:55:39 +0000},
	Journal = {Psychological Methods},
	Pages = {117--128},
	Publisher = {American Psychological Association},
	Title = {Justifying the use and increasing the power of a t test for a randomized experiment with a convenience sample.},
	Volume = {4},
	Year = {1999}}

@article{ding2016randomization,
	Author = {Ding, Peng and Feller, Avi and Miratrix, Luke},
	Date-Added = {2016-08-18 01:00:10 +0000},
	Date-Modified = {2016-09-12 05:56:47 +0000},
	Journal = {Journal of the Royal Statistical Society: Series B (Statistical Methodology)},
	Pages = {655--671},
	Publisher = {Wiley Online Library},
	Title = {Randomization inference for treatment effect variation},
	Volume = {78},
	Year = {2016}}

@book{edgington2007randomization,
	Author = {Edgington, Eugene and Onghena, Patrick},
	Date-Added = {2016-08-17 21:19:00 +0000},
	Date-Modified = {2016-08-17 21:19:00 +0000},
	Publisher = {CRC Press},
	Title = {Randomization tests},
	Year = {2007}}

@article{pitman1938significance,
	Author = {Pitman, Edwin James George},
	Date-Added = {2016-08-17 21:16:16 +0000},
	Date-Modified = {2016-09-01 02:47:22 +0000},
	Journal = {Biometrika},
	Pages = {322--335},
	Publisher = {JSTOR},
	Title = {Significance tests which may be applied to samples from any populations: {III}. The analysis of variance test},
	Volume = {29},
	Year = {1938}}

@article{pitman1937significanceII,
	Author = {Pitman, Edwin JG},
	Date-Added = {2016-08-17 21:16:04 +0000},
	Date-Modified = {2016-09-01 02:47:12 +0000},
	Journal = {Supplement to the Journal of the Royal Statistical Society},
	Number = {2},
	Pages = {225--232},
	Publisher = {JSTOR},
	Title = {Significance tests which may be applied to samples from any populations. {II}. The correlation coefficient test},
	Volume = {4},
	Year = {1937}}

@article{pitman1937significance,
	Author = {Pitman, Edwin JG},
	Date-Added = {2016-08-17 21:15:34 +0000},
	Date-Modified = {2016-08-29 06:09:26 +0000},
	Journal = {Supplement to the Journal of the Royal Statistical Society},
	Pages = {119--130},
	Publisher = {JSTOR},
	Title = {Significance tests which may be applied to samples from any populations},
	Volume = {4},
	Year = {1937}}

@article{welch1937z,
	Author = {Welch, B Li},
	Date-Added = {2016-08-17 21:14:45 +0000},
	Date-Modified = {2016-09-21 16:49:04 +0000},
	Journal = {Biometrika},
	Pages = {21--52},
	Publisher = {JSTOR},
	Title = {On the z-test in randomized blocks and {L}atin squares},
	Volume = {29},
	Year = {1937}}

@article{eden1933validity,
	Author = {Eden, T and Yates, F},
	Date-Added = {2016-08-17 21:14:24 +0000},
	Date-Modified = {2016-08-29 06:06:56 +0000},
	Journal = {The Journal of Agricultural Science},
	Pages = {6--17},
	Publisher = {Cambridge Univ Press},
	Title = {On the validity of {F}isher's z test when applied to an actual example of non-normal data},
	Volume = {23},
	Year = {1933}}

@article{scheffe1956alternative,
	Author = {Scheffe, Henry},
	Date-Added = {2016-08-17 17:46:21 +0000},
	Date-Modified = {2016-08-17 17:46:21 +0000},
	Journal = {The Annals of Mathematical Statistics},
	Pages = {251--271},
	Publisher = {JSTOR},
	Title = {Alternative models for the analysis of variance},
	Year = {1956}}

@book{scheffe1999analysis,
	Author = {Scheffe, Henry},
	Date-Added = {2016-08-17 17:44:42 +0000},
	Date-Modified = {2016-08-29 06:10:21 +0000},
	Publisher = {New York: John Wiley \& Sons},
	Title = {The Analysis of Variance},
	Year = {1959}}

@book{hodges1964basic,
	Author = {Hodges, Joseph Lawson and Lehmann, Erich Leo},
	Date-Added = {2016-08-17 17:44:16 +0000},
	Date-Modified = {2016-08-29 06:08:18 +0000},
	Institution = {JSTOR},
	Publisher = {Francisco: Holden-Day},
	Title = {Basic Concepts of Probability and Statistics},
	Year = {1964}}

@article{kempthorne1955randomization,
	Author = {Kempthorne, Oscar},
	Date-Added = {2016-08-17 17:42:29 +0000},
	Date-Modified = {2016-08-29 06:09:01 +0000},
	Journal = {Journal of the American Statistical Association},
	Pages = {946--967},
	Publisher = {Taylor \&amp; Francis},
	Title = {The Randomization Theory of Experimental Inference},
	Volume = {50},
	Year = {1955}}

@book{cox1958planning,
	Author = {Cox, David Roxbee},
	Date-Added = {2016-08-17 17:36:16 +0000},
	Date-Modified = {2016-08-29 06:06:29 +0000},
	Publisher = {New York: Wiley},
	Title = {Planning of Experiments},
	Year = {1958}}

@article{white1980heteroskedasticity,
	Author = {White, Halbert},
	Date-Added = {2016-08-16 03:25:13 +0000},
	Date-Modified = {2016-08-24 22:05:08 +0000},
	Journal = {Econometrica},
	Pages = {817--838},
	Publisher = {JSTOR},
	Title = {A heteroskedasticity-consistent covariance matrix estimator and a direct test for heteroskedasticity},
	Volume = {48},
	Year = {1980}}

@book{huber2011robust,
	Author = {Huber, Peter J},
	Date-Added = {2016-08-16 00:54:11 +0000},
	Date-Modified = {2016-08-24 22:04:14 +0000},
	Publisher = {New York: Springer},
	Title = {Robust statistics},
	Volume = {2nd},
	Year = {2009}}

@book{wasserman2007all,
	Author = {Wasserman, L},
	Date-Added = {2016-08-16 00:51:24 +0000},
	Date-Modified = {2016-08-24 22:04:41 +0000},
	Publisher = {New York: Springer},
	Title = {All of Nonparametric Statistics},
	Year = {2007}}

@article{bartlett1953approximate,
	Author = {Bartlett, MS},
	Date-Added = {2016-08-16 00:38:13 +0000},
	Date-Modified = {2016-08-24 22:02:26 +0000},
	Journal = {Biometrika},
	Pages = {12--19},
	Publisher = {JSTOR},
	Title = {Approximate confidence intervals},
	Volume = {40},
	Year = {1953}}

@article{white1982maximum,
	Author = {White, Halbert},
	Date-Added = {2016-08-16 00:14:33 +0000},
	Date-Modified = {2016-08-24 22:05:29 +0000},
	Journal = {Econometrica},
	Pages = {1--25},
	Publisher = {JSTOR},
	Title = {Maximum likelihood estimation of misspecified models},
	Volume = {50},
	Year = {1982}}

@inproceedings{huber1967behavior,
	Author = {Huber, Peter J},
	Booktitle = {Proceedings of the Fifth Berkeley Symposium on Mathematical Statistics and Probability},
	Date-Added = {2016-08-16 00:13:54 +0000},
	Date-Modified = {2016-08-24 22:03:38 +0000},
	Number = {1},
	Pages = {221--233},
	Title = {The behavior of maximum likelihood estimates under nonstandard conditions},
	Volume = {1},
	Year = {1967}}

@article{freedman2012so,
	Author = {Freedman, David A},
	Date-Added = {2016-08-16 00:01:15 +0000},
	Date-Modified = {2016-08-24 22:03:13 +0000},
	Journal = {The American Statistician},
	Pages = {299--302},
	Publisher = {Taylor \&amp; Francis},
	Title = {On the so-called ``Huber sandwich estimator'' and ``robust standard errors''},
	Volume = {60},
	Year = {2006}}

@book{box1978statistics,
	Author = {Box, George EP and Hunter, William Gordon and Hunter, J Stuart},
	Date-Added = {2016-08-15 19:22:38 +0000},
	Date-Modified = {2016-08-24 16:38:13 +0000},
	Publisher = {New York: John Wiley and sons},
	Title = {Statistics for Experimenters},
	Year = {1978}}

@article{rosenbaum1983central,
	Author = {Rosenbaum, Paul R and Rubin, Donald B},
	Date-Added = {2016-08-05 05:07:11 +0000},
	Date-Modified = {2016-08-24 06:30:36 +0000},
	Journal = {Biometrika},
	Pages = {41--55},
	Publisher = {Biometrika Trust},
	Title = {The central role of the propensity score in observational studies for causal effects},
	Volume = {70},
	Year = {1983}}

@article{ding2016sensitivity,
	Author = {Ding, Peng and VanderWeele, Tyler J},
	Date-Added = {2016-08-05 04:56:41 +0000},
	Date-Modified = {2016-08-24 06:29:23 +0000},
	Journal = {Epidemiology},
	Pages = {368},
	Publisher = {Wolters Kluwer Health},
	Title = {Sensitivity analysis without assumptions},
	Volume = {27},
	Year = {2016}}

@article{diciccio2016robust,
	Author = {DiCiccio, Cyrus J and Romano, Joseph P},
	Date-Added = {2016-08-05 04:45:39 +0000},
	Date-Modified = {2016-08-05 05:35:28 +0000},
	Journal = {Journal of the American Statistical Association},
	Title = {ROBUST PERMUTATION TESTS FOR CORRELATION AND REGRESSION COEFFICIENTS},
	Year = {2016}}

@article{chung2016asymptotically,
	Author = {Chung, EunYi and Romano, Joseph P},
	Date-Added = {2016-08-05 04:44:18 +0000},
	Date-Modified = {2016-08-05 04:44:18 +0000},
	Journal = {Journal of Statistical Planning and Inference},
	Pages = {97--105},
	Publisher = {Elsevier},
	Title = {Asymptotically valid and exact permutation tests based on two-sample U-statistics},
	Volume = {168},
	Year = {2016}}

@article{chung2013exact,
	Author = {Chung, EunYi and Romano, Joseph P},
	Date-Added = {2016-08-05 04:43:50 +0000},
	Date-Modified = {2016-08-24 06:29:09 +0000},
	Journal = {The Annals of Statistics},
	Pages = {484--507},
	Publisher = {Institute of Mathematical Statistics},
	Title = {Exact and asymptotically robust permutation tests},
	Volume = {41},
	Year = {2013}}

@article{romano1990behavior,
	Author = {Romano, Joseph P},
	Date-Added = {2016-08-05 04:43:28 +0000},
	Date-Modified = {2016-08-24 06:30:28 +0000},
	Journal = {Journal of the American Statistical Association},
	Pages = {686--692},
	Publisher = {Taylor \&amp; Francis Group},
	Title = {On the behavior of randomization tests without a group invariance assumption},
	Volume = {85},
	Year = {1990}}

@article{tobin1958estimation,
	Author = {Tobin, James},
	Date-Added = {2016-07-20 22:39:51 +0000},
	Date-Modified = {2016-07-20 22:40:09 +0000},
	Journal = {Econometrica},
	Pages = {24--36},
	Publisher = {JSTOR},
	Title = {Estimation of relationships for limited dependent variables},
	Volume = {26},
	Year = {1958}}

@article{li2016asymptotic,
	Author = {Li, Xinran and Ding, Peng and Rubin, Donald B},
	Date-Added = {2016-07-20 07:09:20 +0000},
	Date-Modified = {2016-10-05 06:33:05 +0000},
	Journal = {The Annals of Statistics},
	Pages = {under revision},
	Title = {Asymptotic Theory of Rerandomization in Treatment-Control Experiments},
	Year = {2016}}

@article{rosenbaum2002covariance,
	Author = {Rosenbaum, P. R.},
	Date-Added = {2016-07-20 02:43:56 +0000},
	Date-Modified = {2016-07-20 02:43:56 +0000},
	Journal = {Statistical Science},
	Pages = {286--327},
	Publisher = {Institute of Mathematical Statistics},
	Title = {Covariance adjustment in randomized experiments and observational studies},
	Volume = {17},
	Year = {2002}}

@article{imai2008variance,
	Author = {Imai, K.},
	Date-Added = {2016-07-20 02:43:56 +0000},
	Date-Modified = {2016-07-20 02:43:56 +0000},
	Journal = {Statistics in Medicine},
	Pages = {4857--4873},
	Title = {Variance identification and efficiency analysis in randomized experiments under the matched-pair design},
	Volume = {27},
	Year = {2008}}

@article{miratrix2013,
	Author = {Miratrix, L. W. and Sekhon, J. S. and Yu, B.},
	Date-Added = {2016-07-20 02:43:56 +0000},
	Date-Modified = {2016-07-20 02:43:56 +0000},
	Journal = {Journal of the Royal Statistical Society: Series B (Statistical Methodology)},
	Pages = {369--396},
	Title = {Adjusting treatment effect estimates by post-stratification in randomized experiments},
	Volume = {75},
	Year = {2013}}

@article{aronow2014,
	Author = {Aronow, P. M. and Green, D. P. and Lee, D. K. K.},
	Date-Added = {2016-07-20 02:43:56 +0000},
	Date-Modified = {2016-07-20 02:43:56 +0000},
	Journal = {The Annals of Statistics},
	Pages = {850--871},
	Title = {Sharp bounds on the variance in randomized experiments},
	Volume = {42},
	Year = {2014}}

@article{Robinson1972,
	Author = {Robinson, J.},
	Date-Added = {2016-07-20 02:43:56 +0000},
	Date-Modified = {2016-07-20 02:43:56 +0000},
	Journal = {The Annals of Mathematical Statistics},
	Pages = {2053-2057},
	Title = {A Converse to a Combinatorial Limit Theorem},
	Volume = {43},
	Year = {1972}}

@article{Rosenbaum01012003,
	Author = {Rosenbaum, P. R.},
	Date-Added = {2016-07-20 02:43:56 +0000},
	Date-Modified = {2016-07-20 02:43:56 +0000},
	Journal = {Biostatistics},
	Pages = {1-10},
	Title = {Does a dose-response relationship reduce sensitivity to hidden bias?},
	Volume = {4},
	Year = {2003}}

@article{page1963,
	Author = {Page, E. B.},
	Date-Added = {2016-07-20 02:43:56 +0000},
	Date-Modified = {2016-07-20 02:43:56 +0000},
	Journal = {Journal of the American Statistical Association},
	Pages = {216-230},
	Publisher = {[American Statistical Association, Taylor & Francis, Ltd.]},
	Title = {Ordered Hypotheses for Multiple Treatments: A Significance Test for Linear Ranks},
	Volume = {58},
	Year = {1963}}

@article{angrist_highschool,
	Author = {Angrist, J. and Lavy, V.},
	Date-Added = {2016-07-20 02:43:56 +0000},
	Date-Modified = {2016-07-20 02:43:56 +0000},
	Journal = {The American Economic Review},
	Pages = {1384-1414},
	Publisher = {American Economic Association},
	Title = {The Effects of High Stakes High School Achievement Awards: Evidence from a Randomized Trial},
	Volume = {99},
	Year = {2009}}

@manual{mvtnorm,
	Author = {Genz, A. and Bretz, F. and Miwa, T. and Mi, X. and Leisch, F. and Scheipl, F. and Hothorn, T.},
	Date-Added = {2016-07-20 02:43:56 +0000},
	Date-Modified = {2016-07-20 02:43:56 +0000},
	Note = {R package version 1.0-2},
	Title = {{mvtnorm}: Multivariate Normal and t Distributions},
	Url = {http://CRAN.R-project.org/package=mvtnorm},
	Year = {2014},
	Bdsk-Url-1 = {http://CRAN.R-project.org/package=mvtnorm}}

@article{asymrerand2106,
	Author = {Li, X. and Ding, P. and Rubin, D. B.},
	Date-Added = {2016-07-20 02:43:56 +0000},
	Date-Modified = {2016-07-20 02:43:56 +0000},
	Journal = {http://arxiv.org/abs/1604.00698},
	Title = {Asymptotic Theory of Rerandomization in Treatment-Control Experiments},
	Year = {2016}}

@manual{RCT,
	Address = {Vienna, Austria},
	Author = {{R Core Team}},
	Date-Added = {2016-07-20 02:43:56 +0000},
	Date-Modified = {2016-07-20 02:43:56 +0000},
	Organization = {R Foundation for Statistical Computing},
	Title = {R: A Language and Environment for Statistical Computing},
	Url = {http://www.R-project.org/},
	Year = {2013},
	Bdsk-Url-1 = {http://www.R-project.org/}}

@article{robinson1978asymptotic,
	Author = {Robinson, J.},
	Date-Added = {2016-07-20 02:43:56 +0000},
	Date-Modified = {2016-07-20 02:43:56 +0000},
	Journal = {The Annals of Statistics},
	Pages = {1005--1011},
	Publisher = {JSTOR},
	Title = {An asymptotic expansion for samples from a finite population},
	Volume = {6},
	Year = {1978}}

@article{bickel1984asymptotic,
	Author = {Bickel, P. J. and Freedman, D. A},
	Date-Added = {2016-07-20 02:43:56 +0000},
	Date-Modified = {2016-07-20 02:43:56 +0000},
	Journal = {The Annals of Statistics},
	Pages = {470--482},
	Publisher = {JSTOR},
	Title = {Asymptotic normality and the bootstrap in stratified sampling},
	Volume = {12},
	Year = {1984}}

@article{sen1995hajek,
	Author = {Sen, P. K.},
	Date-Added = {2016-07-20 02:43:56 +0000},
	Date-Modified = {2016-07-20 02:43:56 +0000},
	Journal = {Kybernetika},
	Pages = {251--268},
	Publisher = {Institute of Information Theory and Automation AS CR},
	Title = {The {H}{\'a}jek asymptotics for finite population sampling and their ramifications},
	Volume = {31},
	Year = {1995}}

@article{freedman1977remark,
	Author = {Freedman, D. A.},
	Date-Added = {2016-07-20 02:43:56 +0000},
	Date-Modified = {2016-07-20 02:43:56 +0000},
	Journal = {Journal of the American Statistical Association},
	Pages = {681--681},
	Publisher = {Taylor \&amp; Francis},
	Title = {A remark on the difference between sampling with and without replacement},
	Volume = {72},
	Year = {1977}}

@article{rosen1964limit,
	Author = {Ros{\'e}n, B.},
	Date-Added = {2016-07-20 02:43:56 +0000},
	Date-Modified = {2016-07-20 02:43:56 +0000},
	Journal = {Arkiv f{\"o}r Matematik},
	Pages = {383--424},
	Publisher = {Springer},
	Title = {Limit theorems for sampling from finite populations},
	Volume = {5},
	Year = {1964}}

@article{hoeffding1963probability,
	Author = {Hoeffding, W.},
	Date-Added = {2016-07-20 02:43:56 +0000},
	Date-Modified = {2016-07-20 02:43:56 +0000},
	Journal = {Journal of the American Statistical Association},
	Pages = {13--30},
	Publisher = {Taylor \&amp; Francis Group},
	Title = {Probability inequalities for sums of bounded random variables},
	Volume = {58},
	Year = {1963}}

@article{bloniarz2015lasso,
	Author = {Bloniarz, A. and Liu, H. and Zhang, C. H. and Sekhon, J. and Yu, B.},
	Date-Added = {2016-07-20 02:43:56 +0000},
	Date-Modified = {2016-07-20 02:43:56 +0000},
	Journal = {Proceedings of the National Academy of Sciences},
	Title = {Lasso adjustments of treatment effect estimates in randomized experiments},
	Volume = {in press},
	Year = {2016}}

@article{massart1986rates,
	Author = {Massart, P.},
	Booktitle = {Annales de l'IHP Probabilit{\'e}s et statistiques},
	Date-Added = {2016-07-20 02:43:56 +0000},
	Date-Modified = {2016-07-20 02:43:56 +0000},
	Pages = {381--423},
	Title = {Rates of convergence in the central limit theorem for empirical processes},
	Volume = {22},
	Year = {1986}}

@article{bardenet2015concentration,
	Author = {Bardenet, R. and Maillard, O. A.},
	Date-Added = {2016-07-20 02:43:56 +0000},
	Date-Modified = {2016-07-20 02:43:56 +0000},
	Journal = {Bernoulli},
	Pages = {1361--1385},
	Publisher = {Bernoulli Society for Mathematical Statistics and Probability},
	Title = {Concentration inequalities for sampling without replacement},
	Volume = {21},
	Year = {2015}}

@article{serfling1974probability,
	Author = {Serfling, R. J.},
	Date-Added = {2016-07-20 02:43:56 +0000},
	Date-Modified = {2016-07-20 02:43:56 +0000},
	Journal = {The Annals of Statistics},
	Pages = {39--48},
	Publisher = {JSTOR},
	Title = {Probability inequalities for the sum in sampling without replacement},
	Volume = {2},
	Year = {1974}}

@book{kempthorne1994design,
	Author = {Hinkelmann, K. and Kempthorne, O.},
	Date-Added = {2016-07-20 02:43:56 +0000},
	Date-Modified = {2016-07-20 02:43:56 +0000},
	Edition = {second},
	Publisher = {New Jersey: John Wiley \& Sons, Inc.},
	Title = {Design and {A}nalysis of {E}xperiments, Volume 1: {I}ntroduction to {E}xperimental {D}esign},
	Year = {2008}}

@book{kempthorne1952design,
	Author = {Kempthorne, O.},
	Date-Added = {2016-07-20 02:43:56 +0000},
	Date-Modified = {2016-09-22 03:01:14 +0000},
	Publisher = {New York: Wiley},
	Title = {The {D}esign and {A}nalysis of {E}xperiments.},
	Year = {1952}}

@book{imbens2015causal,
	Author = {Imbens, G. W. and Rubin, D. B.},
	Date-Added = {2016-07-20 02:43:56 +0000},
	Date-Modified = {2016-08-24 06:30:05 +0000},
	Publisher = {Cambridge: Cambridge University Press},
	Title = {Causal {I}nference for {S}tatistics, {S}ocial, and {B}iomedical {S}ciences: {A}n {I}ntroduction},
	Year = {2015}}

@techreport{abadie2014finite,
	Author = {Abadie, A. and Athey, S. and Imbens, G. W. and Wooldridge, J. M.},
	Date-Added = {2016-07-20 02:43:56 +0000},
	Date-Modified = {2016-07-20 02:43:56 +0000},
	Institution = {National Bureau of Economic Research},
	Number = {20325},
	Title = {Finite Population Causal Standard Errors},
	Year = {2014}}

@article{rubin1990comment,
	Author = {Rubin, D. B.},
	Date-Added = {2016-07-20 02:43:56 +0000},
	Date-Modified = {2016-07-20 02:43:56 +0000},
	Journal = {Statistical Science},
	Pages = {472--480},
	Publisher = {JSTOR},
	Title = {Comment: Neyman (1923) and causal inference in experiments and observational studies},
	Volume = {5},
	Year = {1990}}

@article{fienberg1996reconsidering,
	Author = {Fienberg, S. E. and Tanur, J. M.},
	Date-Added = {2016-07-20 02:43:56 +0000},
	Date-Modified = {2016-07-20 02:43:56 +0000},
	Journal = {International Statistical Review},
	Pages = {237--253},
	Publisher = {JSTOR},
	Title = {Reconsidering the fundamental contributions of Fisher and Neyman on experimentation and sampling},
	Volume = {64},
	Year = {1996}}

@article{hoglund1978sampling,
	Author = {H{\"o}glund, T.},
	Date-Added = {2016-07-20 02:43:56 +0000},
	Date-Modified = {2016-07-20 02:43:56 +0000},
	Journal = {Scandinavian Journal of Statistics},
	Pages = {69--71},
	Publisher = {JSTOR},
	Title = {Sampling from a finite population. A remainder term estimate},
	Volume = {5},
	Year = {1978}}

@article{neyman1935statistical,
	Author = {Neyman, J.},
	Date-Added = {2016-07-20 02:43:56 +0000},
	Date-Modified = {2016-07-20 02:43:56 +0000},
	Journal = {Supplement to the Journal of the Royal Statistical Society},
	Pages = {107--180},
	Publisher = {JSTOR},
	Title = {Statistical problems in agricultural experimentation (with discussion)},
	Volume = {2},
	Year = {1935}}

@article{splawa1925contributions,
	Author = {Splawa-Neyman, J.},
	Date-Added = {2016-07-20 02:43:56 +0000},
	Date-Modified = {2016-07-20 02:43:56 +0000},
	Journal = {Biometrika},
	Pages = {472--479},
	Publisher = {JSTOR},
	Title = {Contributions to the theory of small samples drawn from a finite population},
	Volume = {17},
	Year = {1925}}

@article{neyman1934two,
	Author = {Neyman, J.},
	Date-Added = {2016-07-20 02:43:56 +0000},
	Date-Modified = {2016-09-01 02:46:46 +0000},
	Journal = {Journal of the Royal Statistical Society},
	Pages = {558--625},
	Publisher = {JSTOR},
	Title = {On the two different aspects of the representative method: the method of stratified sampling and the method of purposive selection (with discussion)},
	Volume = {97},
	Year = {1934}}

@book{lehmann1999elements,
	Author = {Lehmann, E. L.},
	Date-Added = {2016-07-20 02:43:56 +0000},
	Date-Modified = {2016-07-20 02:43:56 +0000},
	Publisher = {New York: Springer},
	Title = {Elements of {L}arge-{S}ample {T}heory},
	Year = {1999}}

@article{creasy1954limits,
	Author = {Creasy, M. A.},
	Date-Added = {2016-07-20 02:43:56 +0000},
	Date-Modified = {2016-07-20 02:43:56 +0000},
	Journal = {Journal of the Royal Statistical Society. Series B (Methodological)},
	Pages = {186--194},
	Publisher = {JSTOR},
	Title = {Limits for the ratio of means},
	Volume = {16},
	Year = {1954}}

@article{fieller1954some,
	Author = {Fieller, E. C.},
	Date-Added = {2016-07-20 02:43:56 +0000},
	Date-Modified = {2016-07-20 02:43:56 +0000},
	Journal = {Journal of the Royal Statistical Society. Series B (Methodological)},
	Pages = {175--185},
	Publisher = {JSTOR},
	Title = {Some problems in interval estimation},
	Volume = {16},
	Year = {1954}}

@article{imbens2005robust,
	Author = {Imbens, G. W. and Rosenbaum, P. R.},
	Date-Added = {2016-07-20 02:43:56 +0000},
	Date-Modified = {2016-07-20 02:43:56 +0000},
	Journal = {Journal of the Royal Statistical Society: Series A (Statistics in Society)},
	Pages = {109--126},
	Publisher = {Wiley Online Library},
	Title = {Robust, accurate confidence intervals with a weak instrument: quarter of birth and education},
	Volume = {168},
	Year = {2005}}

@book{rosenbaum2002observational,
	Author = {Rosenbaum, P. R.},
	Date-Added = {2016-07-20 02:43:56 +0000},
	Date-Modified = {2016-07-20 02:43:56 +0000},
	Edition = {2nd},
	Publisher = {New York: Springer},
	Title = {Observational Studies},
	Year = {2002}}

@article{liu2014large,
	Author = {Liu, L. and Hudgens, M. G.},
	Date-Added = {2016-07-20 02:43:56 +0000},
	Date-Modified = {2016-07-20 02:43:56 +0000},
	Journal = {Journal of the American Statistical Association},
	Pages = {288--301},
	Publisher = {Taylor \&amp; Francis},
	Title = {Large sample randomization inference of causal effects in the presence of interference},
	Volume = {109},
	Year = {2014}}

@article{madow1948limiting,
	Author = {Madow, W. G.},
	Date-Added = {2016-07-20 02:43:56 +0000},
	Date-Modified = {2016-07-20 02:43:56 +0000},
	Journal = {The Annals of Mathematical Statistics},
	Pages = {535--545},
	Publisher = {Institute of Mathematical Statistics},
	Title = {On the limiting distributions of estimates based on samples from finite universes},
	Volume = {19},
	Year = {1948}}

@article{schneller1988short,
	Author = {Schneller, W.},
	Date-Added = {2016-07-20 02:43:56 +0000},
	Date-Modified = {2016-07-20 02:43:56 +0000},
	Journal = {Probability Theory and Related Fields},
	Pages = {249--252},
	Publisher = {Springer},
	Title = {A short proof of {M}otoo's combinatorial central limit theorem using {S}tein's method},
	Volume = {78},
	Year = {1988}}

@article{motoo1956hoeffding,
	Author = {Motoo, M.},
	Date-Added = {2016-07-20 02:43:56 +0000},
	Date-Modified = {2016-07-20 02:43:56 +0000},
	Journal = {Annals of the Institute of Statistical Mathematics},
	Pages = {145--154},
	Publisher = {Springer},
	Title = {On the {H}oeffding's combinatrial central limit theorem},
	Volume = {8},
	Year = {1956}}

@article{erdos1959central,
	Author = {Erd{\"o}s, P. and R{\'e}nyi, A.},
	Date-Added = {2016-07-20 02:43:56 +0000},
	Date-Modified = {2016-07-20 02:43:56 +0000},
	Journal = {Publications of the Mathematical Institute of the Hungarian Academy of Sciences},
	Pages = {49--61},
	Title = {On the central limit theorem for samples from a finite population},
	Volume = {4},
	Year = {1959}}

@article{hajek1961some,
	Author = {H{\'a}jek, J.},
	Date-Added = {2016-07-20 02:43:56 +0000},
	Date-Modified = {2016-07-20 02:43:56 +0000},
	Journal = {The Annals of Mathematical Statistics},
	Pages = {506--523},
	Publisher = {JSTOR},
	Title = {Some extensions of the {W}ald--{W}olfowitz--{N}oether theorem},
	Volume = {32},
	Year = {1961}}

@book{van2000asymptotic,
	Author = {Van der Vaart, A. W.},
	Date-Added = {2016-07-20 02:43:56 +0000},
	Date-Modified = {2016-07-20 02:43:56 +0000},
	Publisher = {Cambridge: Cambridge {U}niversity {P}ress},
	Title = {Asymptotic {S}tatistics},
	Year = {2000}}

@article{wald1944statistical,
	Author = {Wald, A. and Wolfowitz, J.},
	Date-Added = {2016-07-20 02:43:56 +0000},
	Date-Modified = {2016-07-20 02:43:56 +0000},
	Journal = {The Annals of Mathematical Statistics},
	Pages = {358--372},
	Title = {Statistical tests based on permutations of the observations},
	Volume = {15},
	Year = {1944}}

@article{noether1949theorem,
	Author = {Noether, G. E.},
	Date-Added = {2016-07-20 02:43:56 +0000},
	Date-Modified = {2016-07-20 02:43:56 +0000},
	Journal = {The Annals of Mathematical Statistics},
	Pages = {455--458},
	Title = {On a theorem by {W}ald and {W}olfowitz},
	Volume = {20},
	Year = {1949}}

@article{hoeffding1951combinatorial,
	Author = {Hoeffding, W.},
	Date-Added = {2016-07-20 02:43:56 +0000},
	Date-Modified = {2016-07-20 02:43:56 +0000},
	Journal = {The Annals of Mathematical Statistics},
	Pages = {558--566},
	Title = {A combinatorial central limit theorem},
	Volume = {22},
	Year = {1951}}

@article{fraser1956vector,
	Author = {Fraser, D. A. S.},
	Date-Added = {2016-07-20 02:43:56 +0000},
	Date-Modified = {2016-07-20 02:43:56 +0000},
	Journal = {The Annals of Mathematical Statistics},
	Pages = {540--543},
	Title = {A {V}ector form of the {W}ald--{W}olfowitz--{H}oeffding theorem},
	Volume = {27},
	Year = {1956}}

@article{Bikelis1969,
	Author = {Bikelis, A.},
	Date-Added = {2016-07-20 02:43:56 +0000},
	Date-Modified = {2016-07-20 02:43:56 +0000},
	Journal = {Studia Scientiarum Mathematicarum Hungarica},
	Pages = {345--354},
	Title = {On the estimation of the remainder term in the central limit theorem for samples from finite populations (In {R}ussian)},
	Volume = {4},
	Year = {1969}}

@article{kou1996asymptotics,
	Author = {Kou, S. G. and Ying, Z.},
	Date-Added = {2016-07-20 02:43:56 +0000},
	Date-Modified = {2016-07-20 02:43:56 +0000},
	Journal = {Statistica Sinica},
	Pages = {809--829},
	Publisher = {JSTOR},
	Title = {Asymptotics for a 2$\times$2 table with fixed margins},
	Volume = {6},
	Year = {1996}}

@article{Vatutin1982,
	Author = {Vatutin, V. A. and Mikhailov, V. G.},
	Date-Added = {2016-07-20 02:43:56 +0000},
	Date-Modified = {2016-07-20 02:43:56 +0000},
	Journal = {Theory of Probability and Its Applications},
	Pages = {734--743},
	Title = {Limit theorems for the number of empty cells in an equiprobable scheme for group allocation of particles},
	Volume = {27},
	Year = {1982}}

@book{durrett2010probability,
	Author = {Durrett, R.},
	Date-Added = {2016-07-20 02:43:56 +0000},
	Date-Modified = {2016-07-20 02:43:56 +0000},
	Edition = {fourth},
	Publisher = {Cambridge: Cambridge University Press},
	Title = {Probability: Theory and Examples},
	Year = {2010}}

@article{lin2013,
	Author = {Lin, W.},
	Date-Added = {2016-07-20 02:43:56 +0000},
	Date-Modified = {2016-07-20 02:43:56 +0000},
	Journal = {The Annals of Applied Statistics},
	Pages = {295--318},
	Publisher = {The Institute of Mathematical Statistics},
	Title = {{Agnostic notes on regression adjustments to experimental data: Reexamining Freedman's critique}},
	Volume = {7},
	Year = {2013}}

@book{cochran1977,
	Author = {W. G. Cochran},
	Date-Added = {2016-07-20 02:43:56 +0000},
	Date-Modified = {2016-07-20 02:43:56 +0000},
	Edition = {3rd},
	Publisher = {New York: Wiley},
	Title = {Sampling {T}echniques},
	Year = {1977}}

@article{freedman2008regression_a,
	Author = {Freedman, D. A.},
	Date-Added = {2016-07-20 02:43:56 +0000},
	Date-Modified = {2016-07-20 02:43:56 +0000},
	Journal = {The Annals of Applied Statistics},
	Pages = {176--196},
	Title = {On regression adjustments in experiments with several treatments},
	Volume = {2},
	Year = {2008}}

@article{freedman2008regression_b,
	Author = {Freedman, D. A.},
	Date-Added = {2016-07-20 02:43:56 +0000},
	Date-Modified = {2016-07-20 02:43:56 +0000},
	Journal = {Advances in Applied Mathematics},
	Pages = {180--193},
	Title = {On regression adjustments to experimental data},
	Volume = {40},
	Year = {2008}}

@article{Middleton2015cluster,
	Author = {J. A. Middleton and P. M. Aronow},
	Date-Added = {2016-07-20 02:43:56 +0000},
	Date-Modified = {2016-07-20 02:43:56 +0000},
	Journal = {Statistics, Politics and Policy},
	Pages = {39--75},
	Title = {Unbiased Estimation of the Average Treatment Effect in Cluster-Randomized Experiments},
	Volume = {6},
	Year = {2015}}

@article{rosenbaum2012testing,
	Author = {Rosenbaum, P. R.},
	Date-Added = {2016-07-20 02:43:56 +0000},
	Date-Modified = {2016-07-20 02:43:56 +0000},
	Journal = {Biometrika},
	Pages = {763--774},
	Publisher = {Biometrika Trust},
	Title = {Testing one hypothesis twice in observational studies},
	Volume = {99},
	Year = {2012}}

@book{lehmann2006nonparametrics,
	Author = {Lehmann, E. L.},
	Date-Added = {2016-07-20 02:43:56 +0000},
	Date-Modified = {2016-07-20 02:43:56 +0000},
	Publisher = {California: Holden-Day, Inc.},
	Title = {Nonparametrics: Statistical Methods Based on Ranks},
	Year = {1975}}

@article{dasgupta2014causal,
	Author = {Dasgupta, T. and Pillai, N. S. and Rubin, D. B.},
	Date-Added = {2016-07-20 02:43:56 +0000},
	Date-Modified = {2016-07-20 02:43:56 +0000},
	Journal = {Journal of the Royal Statistical Society: Series B (Statistical Methodology)},
	Pages = {727--753},
	Title = {{Causal inference from $2^K$ factorial designs by using potential outcomes}},
	Volume = {77},
	Year = {2015}}

@article{morgan2012rerandomization,
	Author = {Morgan, K. L. and Rubin, D. B.},
	Date-Added = {2016-07-20 02:43:56 +0000},
	Date-Modified = {2016-07-20 02:43:56 +0000},
	Journal = {The Annals of Statistics},
	Pages = {1263--1282},
	Publisher = {Institute of Mathematical Statistics},
	Title = {Rerandomization to improve covariate balance in experiments},
	Volume = {40},
	Year = {2012}}

@article{Gadbury:2004,
	Author = {Gadbury, G. L. and Iyer, H. K. and Albert, J. M.},
	Date-Added = {2016-07-20 02:43:56 +0000},
	Date-Modified = {2016-07-20 02:43:56 +0000},
	Journal = {Journal of Statistical Planning and Inference},
	Pages = {163--174},
	Title = {Individual treatment effects in randomized trials with binary outcomes},
	Volume = {121},
	Year = {2004}}

@article{Meng:1994,
	Author = {Meng, X. L.},
	Date-Added = {2016-07-20 02:43:56 +0000},
	Date-Modified = {2016-07-20 02:43:56 +0000},
	Journal = {The Annals of Statistics},
	Pages = {1142--1160},
	Title = {Posterior predictive $p$-values},
	Year = {1994}}

@article{Rubin:1974,
	Author = {Rubin, D. B.},
	Date-Added = {2016-07-20 02:43:56 +0000},
	Date-Modified = {2016-07-20 02:43:56 +0000},
	Journal = {Journal of Educational Psychology},
	Pages = {688--701},
	Title = {Estimating causal effects of treatments in randomized and nonrandomized studies.},
	Volume = {66},
	Year = {1974}}

@article{Rubin:1978,
	Author = {Rubin, D. B.},
	Date-Added = {2016-07-20 02:43:56 +0000},
	Date-Modified = {2016-07-20 02:43:56 +0000},
	Journal = {The Annals of Statistics},
	Pages = {34--58},
	Title = {Bayesian inference for causal effects: the role of randomization.},
	Volume = {6},
	Year = {1978}}

@article{Rubin:1980,
	Author = {Rubin, D. B.},
	Date-Added = {2016-07-20 02:43:56 +0000},
	Date-Modified = {2016-07-20 02:43:56 +0000},
	Journal = {Journal of American Statistical Association},
	Pages = {591--593},
	Title = {Comment on ``{R}andomization analysis of experimental data: the {F}isher randomization test'' by {D}. {B}asu.},
	Volume = {75},
	Year = {1980}}

@article{Rubin:1984,
	Author = {Rubin, D. B.},
	Date-Added = {2016-07-20 02:43:56 +0000},
	Date-Modified = {2016-07-20 02:43:56 +0000},
	Journal = {The Annals of Statistics},
	Pages = {1151--1172},
	Title = {Bayesianly justifiable and relevant frequency calculations for the applies statistician},
	Volume = {12},
	Year = {1984}}

@article{Rubin:2004,
	Author = {Rubin, D. B.},
	Date-Added = {2016-07-20 02:43:56 +0000},
	Date-Modified = {2016-07-20 02:43:56 +0000},
	Journal = {Journal of Educational and Behavioral Statistics},
	Pages = {343--367},
	Title = {Teaching statistical inference for causal effects in experiments and observational studies.},
	Volume = {29},
	Year = {2004}}

@article{Cheng:2009,
	Author = {Cheng, J.},
	Date-Added = {2016-07-20 02:43:56 +0000},
	Date-Modified = {2016-07-20 02:43:56 +0000},
	Journal = {Biometrics},
	Pages = {96-103},
	Title = {Estimation and inference for the causal rffect of receiving treatment on a multinomial outcome},
	Volume = {65},
	Year = {2009}}

@article{Rigdon:2015,
	Author = {Rigdon, J. and Hudgens, M. G.},
	Date-Added = {2016-07-20 02:43:56 +0000},
	Date-Modified = {2016-07-20 02:43:56 +0000},
	Journal = {Statistics in Medicine},
	Pages = {924--935},
	Title = {Randomization inference for treatment effects on a binary outcome},
	Volume = {34},
	Year = {2015}}

@article{Rosenbaum:2001,
	Author = {Rosenbaum, P. R.},
	Date-Added = {2016-07-20 02:43:56 +0000},
	Date-Modified = {2016-07-20 02:43:56 +0000},
	Journal = {Biometrika},
	Pages = {219--231},
	Title = {Effects attributable to treatment: inference in experiments and observational studies within a discrete pivot.},
	Volume = {88},
	Year = {2001}}

@article{Schervish:1996,
	Author = {Schervish, M. J.},
	Date-Added = {2016-07-20 02:43:56 +0000},
	Date-Modified = {2016-07-20 02:43:56 +0000},
	Journal = {The American Statistician},
	Pages = {203--206},
	Title = {P values: what they are and what they are not},
	Volume = {50},
	Year = {1996}}

@article{Martin:2015,
	Author = {Martin, R. and Liu, C.},
	Date-Added = {2016-07-20 02:43:56 +0000},
	Date-Modified = {2016-07-20 02:43:56 +0000},
	Journal = {Statistica Sinica},
	Title = {A note on $p$-values interpreted as plausibilities},
	Vol = {to appear},
	Year = {2015}}

@book{Nelsen:1999,
	Author = {Nelsen, R. B.},
	Date-Added = {2016-07-20 02:43:56 +0000},
	Date-Modified = {2016-07-20 02:43:56 +0000},
	Publisher = {New York: Springer},
	Title = {An Introduction to Copulas},
	Year = {1999}}

@article{holland1986statistics,
	Author = {P. W. Holland},
	Date-Added = {2016-07-20 02:31:58 +0000},
	Date-Modified = {2016-07-20 02:31:58 +0000},
	Journal = {Journal of the American statistical Association},
	Pages = {945--960},
	Title = {Statistics and Causal Inference},
	Volume = {81},
	Year = {1986}}

@article{grundy1950restricted,
	Author = {Grundy, P. M. and Healy, M. J. R.},
	Date-Added = {2016-07-20 02:31:58 +0000},
	Date-Modified = {2016-07-20 02:31:58 +0000},
	Journal = {Journal of the Royal Statistical Society, Series B (Methodological)},
	Pages = {286--291},
	Publisher = {JSTOR},
	Title = {Restricted randomization and quasi-Latin squares},
	Volume = {12},
	Year = {1950}}

@article{bailey1983restricted,
	Author = {Bailey, R. A.},
	Date-Added = {2016-07-20 02:31:58 +0000},
	Date-Modified = {2016-07-20 02:31:58 +0000},
	Journal = {Biometrika},
	Pages = {183--198},
	Publisher = {Biometrika Trust},
	Title = {Restricted randomization},
	Volume = {70},
	Year = {1983}}

@article{yates1948comment,
	Author = {Yates, F.},
	Date-Added = {2016-07-20 02:31:58 +0000},
	Date-Modified = {2016-07-20 02:31:58 +0000},
	Journal = {Journal of the Royal Statistical Society, Series A (General)},
	Pages = {204--205},
	Publisher = {JSTOR},
	Title = {Comment to {F}. {J}. {A}nscombe},
	Volume = {111},
	Year = {1948}}

@article{youden1972randomization,
	Author = {Youden, W. J.},
	Date-Added = {2016-07-20 02:31:58 +0000},
	Date-Modified = {2016-07-20 02:31:58 +0000},
	Journal = {Technometrics},
	Pages = {13--22},
	Publisher = {Taylor \&amp; Francis},
	Title = {Randomization and experimentation},
	Volume = {14},
	Year = {1972}}

@article{distr1,
	Author = {P. Ruckdeschel and M. Kohl and T. Stabla and F. Camphausen},
	Date-Added = {2016-07-20 02:31:58 +0000},
	Date-Modified = {2016-07-20 02:31:58 +0000},
	Journal = {R News},
	Pages = {2--6},
	Title = {S4 Classes for Distributions},
	Volume = {6},
	Year = {2006}}

@article{distr2,
	Author = {P. Ruckdeschel and M. Kohl},
	Date-Added = {2016-07-20 02:31:58 +0000},
	Date-Modified = {2016-07-20 02:31:58 +0000},
	Journal = {Journal of Statistical Software},
	Pages = {1--25},
	Title = {General Purpose Convolution Algorithm in {S}4 Classes by Means of FFT},
	Volume = {59},
	Year = {2014}}

@article{wintner1936class,
	Author = {Wintner, A.},
	Date-Added = {2016-07-20 02:31:58 +0000},
	Date-Modified = {2016-07-20 02:31:58 +0000},
	Journal = {American Journal of Mathematics},
	Pages = {45--90},
	Title = {{On a class of Fourier transforms}},
	Volume = {58},
	Year = {1936}}

@book{vander1996,
	Author = {A. W. van der Vaart and J. Wellner},
	Date-Added = {2016-07-20 02:31:58 +0000},
	Date-Modified = {2016-07-20 02:31:58 +0000},
	Publisher = {Springer-Verlag New York},
	Title = {Weak Convergence and Empirical Processes},
	Year = {1996}}

@article{tallis1963,
	Author = {Tallis, G. M.},
	Date-Added = {2016-07-20 02:31:58 +0000},
	Date-Modified = {2016-07-20 02:31:58 +0000},
	Journal = {The Annals of Mathematical Statistics},
	Pages = {940--944},
	Publisher = {The Institute of Mathematical Statistics},
	Title = {Elliptical and Radial Truncation in Normal Populations},
	Volume = {34},
	Year = {1963}}

@phdthesis{dingthesis,
	Author = {Ding, P.},
	Date-Added = {2016-07-20 02:31:58 +0000},
	Date-Modified = {2016-07-20 02:31:58 +0000},
	School = {Harvard University, Graduate School of Arts \& Sciences},
	Title = {Exploring the Role of Randomization in Causal Inference},
	Year = {2015}}

@book{Hinkelmann2007,
	Author = {Hinkelmann, K. and Kempthorne, O.},
	Date-Added = {2016-07-20 02:31:58 +0000},
	Date-Modified = {2016-07-20 02:31:58 +0000},
	Publisher = {New York: John Wiley \& Sons},
	Title = {Design and Analysis of Experiments, Volume 1, Introduction to Experimental Design, 2nd Edition},
	Year = {2007}}

@book{wintner1938asymptotic,
	Author = {Wintner, A. F.},
	Date-Added = {2016-07-20 02:31:58 +0000},
	Date-Modified = {2016-07-20 02:31:58 +0000},
	Publisher = {Princeton Univ.},
	Title = {Asymptotic distributions and infinite convolutions},
	Year = {1938}}

@incollection{speed1992introduction,
	Author = {Speed, T. P.},
	Booktitle = {Breakthroughs in Statistics},
	Date-Added = {2016-07-20 02:31:58 +0000},
	Date-Modified = {2016-07-20 02:31:58 +0000},
	Editor = {S. Kotz and N. L. Johnson},
	Pages = {71--81},
	Publisher = {Springer},
	Title = {Introduction to {F}isher (1926)},
	Year = {1992}}

@book{lehmann2011fisher,
	Author = {Lehmann, E. L.},
	Date-Added = {2016-07-20 02:31:58 +0000},
	Date-Modified = {2016-07-20 02:31:58 +0000},
	Publisher = {New York: Springer},
	Title = {Fisher, Neyman, and the Creation of Classical Statistics},
	Year = {2011}}

@book{savage:1962,
	Author = {Savage, L. J.},
	Date-Added = {2016-07-20 02:31:58 +0000},
	Date-Modified = {2016-07-20 02:31:58 +0000},
	Publisher = {{Methuen and Co. Led., London}},
	Title = {The Foundations of Statistical Inference},
	Year = {1962}}

@book{fienberg:1980,
	Author = {Fienberg, S. E. and Hinkley, D. V.},
	Date-Added = {2016-07-20 02:31:58 +0000},
	Date-Modified = {2016-07-20 02:31:58 +0000},
	Publisher = {New York : Springer-Verlag},
	Title = {R. A. Fisher : An Appreciation},
	Year = {1980}}

@article{cox:2009,
	Author = {Cox, D. R.},
	Date-Added = {2016-07-20 02:31:58 +0000},
	Date-Modified = {2016-07-20 02:31:58 +0000},
	Journal = {International Statistical Review},
	Pages = {415--429},
	Publisher = {Blackwell Publishing Ltd},
	Title = {Randomization in the Design of Experiments},
	Volume = {77},
	Year = {2009}}

@incollection{cox:1982,
	Author = {Cox, D. R.},
	Booktitle = {Statistics and Probability: Essays in Honor of C. R. Rao},
	Date-Added = {2016-07-20 02:31:58 +0000},
	Date-Modified = {2016-07-20 02:31:58 +0000},
	Editor = {G. Kallianpur, P. R. Krishnaiah and J. K. Ghosh},
	Pages = {197--202},
	Publisher = {North-Holland, Amsterdam},
	Title = {Randomization and concomitant variables in the design of experiments},
	Year = {1982}}

@article{Bruhn:2009,
	Author = {M. Bruhn and D. McKenzie},
	Date-Added = {2016-07-20 02:31:58 +0000},
	Date-Modified = {2016-07-20 02:31:58 +0000},
	Journal = {American Economic Journal: Applied Economics},
	Pages = {200-232},
	Publisher = {American Economic Association},
	Title = {In Pursuit of Balance: Randomization in Practice in Development Field Experiments},
	Volume = {1},
	Year = {2009}}

@incollection{keele2009adjusting,
	Author = {Keele, L. and McConnaughy, C. and White, I. and List, P. M. E. M. and Bailey, D.},
	Booktitle = {Experiments in Political Science Conference},
	Date-Added = {2016-07-20 02:31:58 +0000},
	Date-Modified = {2016-07-20 02:31:58 +0000},
	Title = {Adjusting experimental data},
	Year = {2009}}

@article{student:1938,
	Author = {Student},
	Date-Added = {2016-07-20 02:31:58 +0000},
	Date-Modified = {2016-07-20 02:31:58 +0000},
	Journal = {Biometrika},
	Pages = {363-378},
	Publisher = {[Oxford University Press, Biometrika Trust]},
	Title = {Comparison Between Balanced and Random Arrangements of Field Plots},
	Volume = {29},
	Year = {1938}}

@article{hansen2008covariate,
	Author = {Hansen, B. B. and Bowers, J.},
	Date-Added = {2016-07-20 02:31:58 +0000},
	Date-Modified = {2016-07-20 02:31:58 +0000},
	Journal = {Statistical Science},
	Pages = {219--236},
	Publisher = {JSTOR},
	Title = {Covariate balance in simple, stratified and clustered comparative studies},
	Volume = {23},
	Year = {2008}}

@book{fisher1925statistical,
	Author = {Fisher, R. A.},
	Date-Added = {2016-07-20 02:31:58 +0000},
	Date-Modified = {2016-07-20 02:31:58 +0000},
	Edition = {1st},
	Publisher = {Edinburgh by Oliver and Boyd},
	Title = {Statistical Methods for Research Workers},
	Year = {1925}}

@article{fisher1926,
	Author = {Fisher, R. A.},
	Date-Added = {2016-07-20 02:31:58 +0000},
	Date-Modified = {2016-07-20 02:31:58 +0000},
	Journal = {Journal of the Ministry of Agriculture of Great Britain},
	Pages = {503-513},
	Title = {The arrangement of field experiments},
	Volume = {33},
	Year = {1926}}

@book{fang1989symmetric,
	Author = {Fang, K. T. and Kotz, S. and Ng, K. W.},
	Date-Added = {2016-07-20 02:31:58 +0000},
	Date-Modified = {2016-10-05 06:32:46 +0000},
	Publisher = {London: Chapman and Hall/CRC},
	Title = {Symmetric Multivariate and Related Distributions},
	Year = {1989}}

@article{angrist2009incentives,
	Author = {Angrist, J. and Lang, D. and Oreopoulos, P.},
	Date-Added = {2016-07-20 02:31:58 +0000},
	Date-Modified = {2016-07-20 02:31:58 +0000},
	Journal = {American Economic Journal: Applied Economics},
	Pages = {136--163},
	Publisher = {JSTOR},
	Title = {Incentives and services for college achievement: Evidence from a randomized trial},
	Volume = {1},
	Year = {2009}}

@article{fcltxlpd2016,
	Author = {Li, X. and Ding, P.},
	Date-Added = {2016-07-20 02:31:58 +0000},
	Date-Modified = {2016-11-21 07:48:23 +0000},
	Journal = {Journal of the American Statistical Association},
	Pages = {Revision submitted},
	Title = {General forms of finite population central limit theorems with applications to causal inference},
	Year = {2016}}

@article{rubin2008comment,
	Author = {Rubin, D. B.},
	Date-Added = {2016-07-20 02:31:58 +0000},
	Date-Modified = {2016-07-20 02:31:58 +0000},
	Journal = {Journal of the American Statistical Association},
	Pages = {1350-1353},
	Title = {{Comment to W. R. Shadish, M. H. Clark and P. M. Steiner}},
	Volume = {103},
	Year = {2008}}

@article{sprott1993randomization,
	Author = {Sprott, DA and Farewell, VT},
	Date-Added = {2016-07-20 02:31:58 +0000},
	Date-Modified = {2016-07-20 02:31:58 +0000},
	Journal = {Statistical Papers},
	Number = {1},
	Pages = {89--94},
	Publisher = {Springer},
	Title = {Randomization in experimental science},
	Volume = {34},
	Year = {1993}}

@article{hajek1960limiting,
	Author = {H{\'a}jek, J.},
	Date-Added = {2016-07-20 02:31:58 +0000},
	Date-Modified = {2016-07-20 02:31:58 +0000},
	Journal = {Publications of the Mathematics Institute of the Hungarian Academy of Science},
	Pages = {361--74},
	Title = {Limiting distributions in simple random sampling from a finite population},
	Volume = {5},
	Year = {1960}}

@article{morgan2015rerandomization,
	Author = {K. L. Morgan and D. B. Rubin},
	Date-Added = {2016-07-20 02:31:58 +0000},
	Date-Modified = {2016-07-20 02:31:58 +0000},
	Journal = {Journal of the American Statistical Association},
	Pages = {1412-1421},
	Title = {Rerandomization to Balance Tiers of Covariates},
	Volume = {110},
	Year = {2015}}

@article{Copas:1973,
	Author = {Copas, JB},
	Date-Added = {2016-07-20 02:31:58 +0000},
	Date-Modified = {2016-07-20 02:31:58 +0000},
	Journal = {Biometrika},
	Pages = {467--476},
	Title = {Randomization models for the matched and unmatched $2\times 2$ tables},
	Volume = {60},
	Year = {1973}}

@article{Ding:2015,
	Author = {Ding, P. and Dasgupta, T.},
	Date-Added = {2016-07-20 02:31:58 +0000},
	Date-Modified = {2016-09-14 17:26:31 +0000},
	Journal = {Journal of American Statistical Association},
	Pages = {157--168},
	Title = {A potential tale of two by two tables from completely randomized experiments},
	Volume = {111},
	Year = {2016}}

@article{Ding:2016,
	Author = {Ding, Peng},
	Date-Added = {2016-07-20 02:31:58 +0000},
	Date-Modified = {2016-07-20 02:33:09 +0000},
	Journal = {Statistical Science},
	Title = {A paradox from randomization-based causal inference (with discussion)},
	Year = {2016}}

@book{Fisher:1935design,
	Author = {R. A. Fisher},
	Date-Added = {2016-07-20 02:31:58 +0000},
	Date-Modified = {2016-09-13 16:57:06 +0000},
	Edition = {1st},
	Publisher = {Edinburgh, London: Oliver and Boyd},
	Title = {The {D}esign of {E}xperiments},
	Year = {1935}}

@article{Greenland:1991,
	Author = {Greenland, Sander},
	Date-Added = {2016-07-20 02:31:58 +0000},
	Date-Modified = {2016-07-20 02:31:58 +0000},
	Journal = {The American Statistician},
	Pages = {248--251},
	Title = {On the logical justification of conditional tests for two-by-two contingency tables},
	Volume = {45},
	Year = {1991}}

@article{Lindley:1957,
	Author = {Lindley, Dennis V},
	Date-Added = {2016-07-20 02:31:58 +0000},
	Date-Modified = {2016-07-20 02:31:58 +0000},
	Journal = {Biometrika},
	Pages = {187--192},
	Title = {A statistical paradox},
	Vol = {44},
	Year = {1957}}

@article{Lu:2015,
	Author = {Lu, Jiannan, Ding, Peng, and Dasgupta, Tirthankar},
	Date-Added = {2016-07-20 02:31:58 +0000},
	Date-Modified = {2016-07-20 02:31:58 +0000},
	Journal = {http://arxiv.org/abs/1505.04629},
	Title = {Construction of alternative hypotheses for evaluation of randomization tests with ordinal outcomes},
	Year = {2015}}

@article{Robins:1988,
	Author = {Robins, J. M.},
	Date-Added = {2016-07-20 02:31:58 +0000},
	Date-Modified = {2016-07-20 02:31:58 +0000},
	Journal = {Statistics in Medicine},
	Pages = {773-785},
	Title = {Confidence intervals for causal parameters},
	Volume = {7},
	Year = {1988}}

@article{Rubin:2005,
	Author = {Rubin, D. B.},
	Date-Added = {2016-07-20 02:31:58 +0000},
	Date-Modified = {2016-07-20 02:31:58 +0000},
	Journal = {Journal of American Statistical Association},
	Pages = {322--331},
	Title = {Causal Inference Using Potential Outcomes: Degisn, Modeling, Decisions},
	Volume = {100},
	Year = {2005}}

@book{Rosenbaum:2010,
	Author = {Rosenbaum, P. R.},
	Date-Added = {2016-07-20 02:31:58 +0000},
	Date-Modified = {2016-07-20 02:31:58 +0000},
	Publisher = {New York: Springer},
	Title = {Design of Observational Studies.},
	Year = {2010}}

@book{Agresti:2002,
	Author = {Agresti, A.},
	Date-Added = {2016-07-20 02:31:58 +0000},
	Date-Modified = {2016-07-20 02:31:58 +0000},
	Publisher = {New York: John Wiley and Sons},
	Title = {Categorical Data Analysis, 2nd Edition},
	Year = {2002}}

@article{Ju:2010,
	Author = {Ju, C. and Geng, Z.},
	Date-Added = {2016-07-20 02:31:58 +0000},
	Date-Modified = {2016-07-20 02:31:58 +0000},
	Journal = {Journal of the Royal Statistical Society: Series B (Statistical Methodology)},
	Pages = {129-142},
	Title = {Criteria for surrogate end points based on causal distributions.},
	Volume = {72},
	Year = {2010}}

@article{Neyman:1923,
	Author = {Neyman, J.},
	Date-Added = {2016-07-20 02:31:58 +0000},
	Date-Modified = {2016-07-20 02:31:58 +0000},
	Journal = {Statistical Science},
	Pages = {465--472},
	Title = {On the application of probability theory to agricultural experiments. Essay on principles (with discussion). Section 9 (translated). reprinted ed.},
	Volume = {5},
	Year = {1923}}

@article{Wang:2015,
	Author = {Wang, W.},
	Date-Added = {2016-07-20 02:31:58 +0000},
	Date-Modified = {2016-07-20 02:31:58 +0000},
	Journal = {Journal of the American Statistical Association},
	Title = {Exact Optimal Confidence Intervals for Hypergeometric Parameters},
	Volume = {in press},
	Year = {2015}}

@article{Agresti::2004,
	Author = {Agresti, Alan and Min, Yongyi},
	Journal = {Statistics in Medicine},
	Number = {1},
	Pages = {65--75},
	Title = {Effects and non-effects of paired identical observations in comparing proportions with binary matched-pairs data},
	Volume = {23},
	Year = {2004}}

@book{Darwin::1876,
	Author = {Darwin, Charles},
	Publisher = {John Murray, London},
	Title = {The effects of cross and self fertilisation in the vegetable kingdom},
	Year = {1876}}

@article{Fraser::1957,
	Author = {Fraser, Donald A S},
	Journal = {The Annals of Mathematical Statistics},
	Pages = {1040--1043},
	Title = {Most powerful rank-type tests},
	Vol = {28},
	Year = {1957}}

@article{Jacquez::2002,
	Author = {Jacquez, John A and Jacquez, Geoffrey M},
	Journal = {Mathematical Biosciences},
	Number = {1},
	Pages = {23--28},
	Publisher = {Elsevier},
	Title = {Fisher's randomization test and Darwin's data--A footnote to the history of statistics},
	Volume = {180},
	Year = {2002}}

@article{Kruskal::1952,
	Author = {Kruskal, William H},
	Journal = {The Annals of Mathematical Statistics},
	Pages = {525--540},
	Title = {A nonparametric test for the several sample problem},
	Vol = {23},
	Year = {1952}}

@article{KruskalWallis::1952,
	Author = {Kruskal, William H and Wallis, W Allen},
	Journal = {Journal of the American statistical Association},
	Pages = {583--621},
	Title = {Use of ranks in one-criterion variance analysis},
	Volume = {47},
	Year = {1952}}

@article{Rosenbaum::2010efficiency,
	Author = {Rosenbaum, Paul R},
	Journal = {Journal of the American Statistical Association},
	Pages = {692--702},
	Title = {Design sensitivity and efficiency in observational studies},
	Volume = {105},
	Year = {2010}}

@inproceedings{VDV::1952,
	Author = {Van der Waerden, B L},
	Booktitle = {Indagationes Mathematicae},
	Pages = {453--458},
	Title = {Order tests for the two-sample problem and their power},
	Volume = {55},
	Year = {1952}}

@article{Wallace::1959,
	Author = {Wallace, David L},
	Journal = {Journal of the American Statistical Association},
	Pages = {225--230},
	Title = {Simplified beta-approximations to the Kruskal-Wallis H test},
	Volume = {54},
	Year = {1959}}
